trade_id,<CLOSE>,size,time,bid,ask,volume,std_dev
159240634,54171.44,0.00010194,2021-04-22T07:51:48.29018Z,54171.44,54171.45,20349.0474,nan
159240773,54129.78,0.00289753,2021-04-22T07:52:19.901349Z,54121.03,54129.87,20349.0474,nan
159240860,54144.1,0.00958997,2021-04-22T07:52:48.637295Z,54144.1,54144.11,20354.91451,nan
159240963,54198.09,0.00684335,2021-04-22T07:53:16.23635Z,54201.08,54201.09,20354.91451,nan
159241036,54222.74,0.0011854,2021-04-22T07:53:48.869784Z,54207.86,54207.87,20360.0583,34.08496208
159241129,54227.32,0.00002166,2021-04-22T07:54:19.013839Z,54228.14,54228.15,20362.80782,40.2664434
159241195,54200.02,0.00206083,2021-04-22T07:54:48.227633Z,54200.51,54206.76,20362.80782,29.59729015
159241251,54238.7,0.00018345,2021-04-22T07:55:20.177218Z,54238.69,54238.7,20366.47111,15.84644515
159241325,54248.17,0.00060523,2021-04-22T07:55:49.985144Z,54248.16,54248.17,20366.47111,16.31238057
159241414,54227.69,0.00016534,2021-04-22T07:56:19.569708Z,54209.89,54209.9,20369.3372,16.14952507
159241489,54252.71,0.00363902,2021-04-22T07:56:49.498316Z,54252.7,54252.71,20373.4569,18.79324709
159241535,54238.36,0.00141259,2021-04-22T07:57:19.510531Z,54238.35,54238.36,20373.4569,8.693322955
159241614,54245.43,0.00016519,2021-04-22T07:57:47.426817Z,54245.42,54245.43,20375.8006,8.734411028
159241678,54255.42,0.00211177,2021-04-22T07:58:19.916562Z,54255.41,54255.42,20375.8006,10.06102062
159241758,54249.32,0.00177938,2021-04-22T07:58:48.589271Z,54249.31,54249.32,20378.95572,5.970090117
159241836,54227.36,0.0008806,2021-04-22T07:59:19.818534Z,54227.35,54227.36,20382.04472,9.654889746
159241927,54188.38,0.00111616,2021-04-22T07:59:48.588962Z,54188.38,54188.39,20382.04472,24.27382162
159242042,54223.26,0.05438,2021-04-22T08:00:18.787182Z,54219.77,54219.78,20384.76671,23.6483525
159242129,54247.29,0.00666666,2021-04-22T08:00:47.750573Z,54248.21,54248.22,20384.76671,21.9791432
159242230,54204.35,0.00503252,2021-04-22T08:01:19.45892Z,54214.7,54214.71,19979.0036,20.18299423
159242284,54251.51,0.00078904,2021-04-22T08:01:49.214261Z,54251.5,54251.51,19981.36865,24.28682721
159242391,54245.75,0.00164349,2021-04-22T08:02:18.051839Z,54245.75,54245.76,19981.36865,17.97121966
159242450,54232.5,0.00041111,2021-04-22T08:02:49.785017Z,54232.49,54232.5,19984.45959,17.18526811
159242509,54254.11,0.00705035,2021-04-22T08:03:18.913966Z,54254.1,54254.11,19984.45959,18.24310018
159242628,54214.09,0.0565,2021-04-22T08:03:49.551563Z,54200.35,54200.36,19985.23785,14.77416989
159242734,54170.91,0.0524,2021-04-22T08:04:20.130917Z,54160,54167.84,19991.9172,29.55431231
159242990,54064.66,0.03246342,2021-04-22T08:04:48.639816Z,54072.31,54072.32,19991.9172,67.13197646
159243166,54061.66,0.01665665,2021-04-22T08:05:19.035543Z,54056.93,54056.94,19998.82275,78.00372109
159243465,54010.27,0.00362476,2021-04-22T08:05:48.768873Z,54010.26,54010.27,19998.82275,75.79165479
159243623,53977.65,0.00019374,2021-04-22T08:06:20.110243Z,53977.64,53977.65,20015.16798,65.62924683
159243757,53922.86,0.00673,2021-04-22T08:06:49.866378Z,53922.85,53922.86,20020.36724,53.41004437
159243919,53942.89,0.0377032,2021-04-22T08:07:19.803736Z,53930.54,53936.96,20020.36724,49.36654924
159244084,53879.89,0.1552832,2021-04-22T08:07:50.141966Z,53877.8,53884.79,20026.88715,44.82295055
159244212,53919.71,0.00909092,2021-04-22T08:08:19.416079Z,53914.55,53919.93,20026.88715,31.92099748
159244332,53877.48,0.00616084,2021-04-22T08:08:49.426883Z,53876.3,53881.64,20039.80752,25.67215036
159244407,53875.54,0.01216795,2021-04-22T08:09:19.933686Z,53875.53,53875.54,20044.14981,27.32712308
159244666,53810.08,0.00099047,2021-04-22T08:09:48.934397Z,53810.56,53814.7,20044.14981,35.25247963
159244852,53834.57,0.0012749,2021-04-22T08:10:19.395032Z,53834.28,53834.29,20054.74642,37.92256458
159244938,53844.08,0.0008538,2021-04-22T08:10:49.075983Z,53849.01,53852.59,20054.74642,25.5365119
159245054,53907.59,0.00011106,2021-04-22T08:11:19.807679Z,53908.62,53918.18,20062.5738,33.88234195
159245134,53949.7,0.01074,2021-04-22T08:11:49.017294Z,53949.7,53949.71,20068.37947,51.53536207
159245279,53905.04,0.00272751,2021-04-22T08:12:19.68405Z,53907.36,53907.37,20068.37947,43.04546183
159245380,53939.97,0.00179116,2021-04-22T08:12:49.106596Z,53942.58,53942.59,20074.73727,37.00682672
159245479,53869.99,0.0077,2021-04-22T08:13:19.692777Z,53865.04,53870.96,20074.73727,28.30594242
159245576,53840.98,0.0073717,2021-04-22T08:13:46.627764Z,53840.98,53840.99,20080.95058,41.15969028
159245668,53854.85,0.003,2021-04-22T08:14:19.885011Z,53854.86,53855.62,20082.33128,35.93112222
159245714,53858.96,0.003,2021-04-22T08:14:48.630871Z,53858.95,53858.96,20082.33128,34.77313043
159245774,53858.79,0.00403093,2021-04-22T08:15:19.476705Z,53858.99,53859,20085.85991,9.344942162
159245852,53879.64,0.00228794,2021-04-22T08:15:49.759281Z,53879.63,53879.64,20085.85991,12.38841814
159245959,53802.37,0.036419,2021-04-22T08:16:21.66117Z,53802.36,53802.37,20089.43094,25.78357725
159246175,53717.68,0.38665248,2021-04-22T08:16:51.343612Z,53732.41,53732.42,20092.94282,58.81979918
159246277,53703.41,0.004,2021-04-22T08:17:19.982721Z,53698.94,53698.95,20092.94282,71.58232558
159246388,53719.93,0.09307649,2021-04-22T08:17:49.12336Z,53712.78,53712.79,20100.24368,67.23375004
159246493,53789.71,0.00319528,2021-04-22T08:18:21.716776Z,53789.7,53789.71,20100.24368,40.94336186
159246561,53729.06,0.00034806,2021-04-22T08:18:51.908609Z,53729.05,53729.06,20104.67174,30.02403797
159246644,53686.25,0.00088946,2021-04-22T08:19:21.600762Z,53686.24,53686.25,20107.43405,35.19944681
159246739,53742.71,0.00051901,2021-04-22T08:19:50.979038Z,53742.7,53742.71,20107.43405,33.70698468
159246826,53795.87,0.00911915,2021-04-22T08:20:21.515065Z,53795.86,53795.87,20111.49602,40.56707828
159246898,53805.31,0.04158307,2021-04-22T08:20:51.791088Z,53804.03,53804.04,20111.49602,44.05000613
159246972,53848.91,0.00711223,2021-04-22T08:21:22.000835Z,53836.36,53842.84,20113.48522,56.09432627
159247018,53850.73,0.00422262,2021-04-22T08:21:51.957485Z,53850.73,53850.74,20116.2202,39.78478584
159247141,53792.32,0.0017944,2021-04-22T08:22:20.434252Z,53792.31,53792.32,20116.2202,25.82612817
159247234,53792.31,0.0585,2021-04-22T08:22:51.01815Z,53793.38,53793.39,20119.74789,26.48441172
159247366,53721.67,0.0017826,2021-04-22T08:23:21.717057Z,53721.67,53721.68,20119.74789,47.354771
159247501,53679.25,0.0513095,2021-04-22T08:23:50.735322Z,53682.17,53682.18,20123.34343,60.07820756
159247553,53659.44,0.00213946,2021-04-22T08:24:21.624857Z,53659.43,53659.44,20132.09779,55.47064716
159247752,53729.52,0.08169186,2021-04-22T08:24:51.522583Z,53732.41,53732.42,20132.09779,46.01476346
159247869,53651.82,0.01454351,2021-04-22T08:25:21.436951Z,53651.8,53651.81,20140.90967,31.80638238
159247966,53606.33,0.0001579,2021-04-22T08:25:51.658335Z,53606.76,53614.05,20140.90967,40.03078286
159248074,53631.58,0.00180018,2021-04-22T08:26:21.676817Z,53626.92,53635.24,20147.45562,41.2252313
159248151,53653.96,0.01698494,2021-04-22T08:26:51.850854Z,53646.98,53651.7,20151.72174,41.18506739
159248345,53571.96,0.03657887,2021-04-22T08:27:21.478714Z,53581.49,53581.5,20151.72174,30.80784446
159248485,53597.22,0.00180182,2021-04-22T08:27:51.777981Z,53597.21,53597.22,20166.82069,28.27577196
159248604,53709.83,0.00839549,2021-04-22T08:28:21.920701Z,53709.82,53709.83,20166.82069,47.64501317
159248712,53749.98,0.00463494,2021-04-22T08:28:51.075316Z,53749.97,53749.98,20176.76417,66.70853079
159248800,53785.6,0.00211553,2021-04-22T08:29:21.591476Z,53785.6,53785.61,20185.73173,84.16767275
159248883,53691,0.16213695,2021-04-22T08:29:51.486836Z,53690.67,53690.68,20185.73173,63.7816938
159248960,53701.44,0.00016706,2021-04-22T08:30:21.540545Z,53699.38,53701.43,20188.22959,35.22651956
159249026,53785.59,0.00545153,2021-04-22T08:30:51.312145Z,53777.59,53782.35,20188.22959,40.26968011
159249103,53813.92,0.00007205,2021-04-22T08:31:20.582672Z,53819.69,53819.7,20190.04899,49.61259437
159249181,53833.39,0.00034217,2021-04-22T08:31:50.516968Z,53837.85,53837.86,20193.26975,58.3269356
159249224,53817.34,0.00088738,2021-04-22T08:32:20.646629Z,53817.73,53823.33,20193.26975,47.04060229
159249335,53746.16,0.35780375,2021-04-22T08:32:50.623256Z,53759.08,53759.09,20195.11954,30.7022338
159249424,53716.52,0.11342319,2021-04-22T08:33:22.135122Z,53713.44,53721.42,20195.11954,45.6526107
159249471,53725.91,0.00009287,2021-04-22T08:33:51.161838Z,53725.9,53725.91,20199.03434,48.18493399
159249527,53738.92,0.02934092,2021-04-22T08:34:21.299953Z,53738.91,53738.92,20204.92916,35.68787357
159249595,53675.83,0.01553009,2021-04-22T08:34:51.900698Z,53667.79,53675.83,20204.92916,24.64998288
159249666,53601.08,0.00089098,2021-04-22T08:35:19.505232Z,53589.05,53589.06,20208.20709,49.95981321
159249744,53573.65,0.04,2021-04-22T08:35:51.304103Z,53582.08,53591.34,20208.20709,65.88414359
159249830,53655.63,0.00089033,2021-04-22T08:36:21.888536Z,53655.62,53655.63,20210.90116,58.00579054
159249883,53658.98,0.00018571,2021-04-22T08:36:51.230314Z,53655.12,53661.59,20216.41294,38.89161689
159249955,53685.99,0.0044,2021-04-22T08:37:21.225282Z,53685.98,53685.99,20216.41294,41.26738305
159250064,53669.55,0.01009171,2021-04-22T08:37:50.765819Z,53669.54,53669.55,20221.73761,39.01654623
159250148,53624.32,0.00133569,2021-04-22T08:38:19.080985Z,53626.51,53632.59,20221.73761,20.26704774
159250227,53663.11,0.00156965,2021-04-22T08:38:51.125663Z,53663.1,53663.11,20227.47719,20.24696027
159250328,53638.84,0.00181846,2021-04-22T08:39:21.298103Z,53632.52,53637.46,20229.71114,22.04988653
159250431,53598.28,0.0102,2021-04-22T08:39:50.559488Z,53605.2,53605.21,20229.71114,26.03105453
159250539,53547.46,0.00071587,2021-04-22T08:40:21.29756Z,53551.59,53551.6,20233.24575,39.52012672
159250710,53615.34,0.05623495,2021-04-22T08:40:51.5463Z,53596.15,53606.75,20233.24575,39.23158707
159250790,53627.92,0.01255272,2021-04-22T08:41:21.555373Z,53616.17,53621.25,20243.65193,32.03680533
159250872,53584.52,0.00112473,2021-04-22T08:41:51.932517Z,53584.52,53584.53,20249.66304,27.84831887
159250940,53536.6,0.22487128,2021-04-22T08:42:18.686407Z,53534.92,53536.8,20249.66304,36.00013022
159251085,53518.7,0.01856081,2021-04-22T08:42:51.622428Z,53518.69,53518.7,20253.62291,42.77771644
159251268,53517.45,0.00132306,2021-04-22T08:43:21.900682Z,53511.99,53517.08,20253.62291,42.9749743
159251372,53502.98,0.00142908,2021-04-22T08:43:51.187758Z,53502.97,53502.98,20264.71923,28.32049011
159251550,53439.49,0.00043769,2021-04-22T08:44:21.719762Z,53439.48,53439.49,20276.63586,33.51943711
159251666,53431.93,0.00588,2021-04-22T08:44:51.797614Z,53431.92,53431.93,20276.63586,38.36091083
159251813,53372.02,0.002192,2021-04-22T08:45:23.929372Z,53370.22,53380.96,20283.86099,52.60375067
159251988,53346.36,0.000895,2021-04-22T08:45:51.356797Z,53352.22,53352.24,20283.86099,54.99521747
159252108,53411.69,0.00657521,2021-04-22T08:46:23.890415Z,53411.68,53411.69,20295.10001,35.70805814
159252224,53498.12,0.000912,2021-04-22T08:46:51.494577Z,53498.11,53498.12,20300.50278,52.38504084
159252345,53457.91,0.003,2021-04-22T08:47:23.842919Z,53457.91,53465.1,20300.50278,55.3086731
159252441,53485.92,0.003,2021-04-22T08:47:53.383204Z,53485.91,53485.92,20303.30985,55.45674819
159252496,53487.23,0.0013396,2021-04-22T08:48:23.317687Z,53487.22,53487.23,20303.30985,31.21091642
159252703,53618.19,0.0001672,2021-04-22T08:48:51.60587Z,53618.18,53618.19,20306.57975,55.95804593
159252836,53687.91,0.04940232,2021-04-22T08:49:23.927531Z,53687.92,53693.22,20312.82572,89.62472703
159253024,53721.13,0.0083,2021-04-22T08:49:53.889041Z,53722.27,53734.7,20312.82572,98.4508116
159253174,53688.03,0.0130723,2021-04-22T08:50:23.042738Z,53688.02,53688.03,20322.15626,83.66293669
159253289,53640.73,0.00089595,2021-04-22T08:50:53.756875Z,53645.24,53645.25,20322.15626,36.8617929
159253395,53633.31,0.01828589,2021-04-22T08:51:24.136148Z,53633.3,53633.31,20329.11587,32.78380234
159253474,53672.12,0.03116963,2021-04-22T08:51:53.737703Z,53672.11,53672.12,20337.21949,32.06580958
159253558,53609.63,0.00276141,2021-04-22T08:52:24.135547Z,53609.62,53609.63,20337.21949,28.00772294
159253603,53618.53,0.00180011,2021-04-22T08:52:53.598079Z,53628.64,53628.65,20340.48701,21.57956774
159253708,53574.15,0.00893137,2021-04-22T08:53:23.827103Z,53569.4,53574.15,20340.48701,31.91735979
159253818,53496.1,0.00894241,2021-04-22T08:53:53.962182Z,53489.88,53495.7,20341.8139,58.18441118
159253994,53427.67,0.01488886,2021-04-22T08:54:23.918767Z,53428.2,53437.49,20350.23291,72.92561405
159254195,53357.44,0.0014,2021-04-22T08:54:53.386242Z,53357.44,53357.45,20350.23291,94.84875274
159254377,53499.92,0.00011618,2021-04-22T08:55:21.587679Z,53499.91,53499.92,20376.44593,73.32072793
159254513,53418.38,0.00805782,2021-04-22T08:55:53.89616Z,53411.14,53418.38,20376.44593,53.24129089
159254685,53369.69,0.01836845,2021-04-22T08:56:23.827983Z,53361.21,53369.69,20401.50245,50.49512333
159255306,53180.53,0.0011,2021-04-22T08:56:53.944775Z,53180.53,53180.54,20412.9383,105.0342583
159255484,53315.78,0.01923246,2021-04-22T08:57:22.99571Z,53313.08,53329.1,20412.9383,106.9535583
159255613,53356.63,0.04223064,2021-04-22T08:57:52.65393Z,53367.44,53371.38,20481.22394,80.77475185
159255811,53403.55,0.01089,2021-04-22T08:58:23.968961Z,53403.55,53403.56,20481.22394,77.6196706
159255979,53538.49,0.00700635,2021-04-22T08:58:54.171395Z,53539.76,53546.95,20531.94106,116.5559854
159256186,53586.21,0.00373326,2021-04-22T08:59:23.198704Z,53586.2,53586.21,20547.50856,104.6779106
159256346,53679.73,0.079,2021-04-22T08:59:53.918234Z,53679.72,53679.73,20547.50856,118.5235724
159256484,53649.99,0.00118592,2021-04-22T09:00:24.115424Z,53645.45,53645.46,20560.55301,97.35257112
159256595,53566.08,0.0069661,2021-04-22T09:00:53.389051Z,53566.07,53566.08,20560.55301,52.71818206
159256665,53528.42,0.00112666,2021-04-22T09:01:23.743413Z,53528.42,53528.43,20437.92551,55.31463264
159256722,53497.94,0.00264677,2021-04-22T09:01:53.616894Z,53497.94,53497.95,20451.77565,69.76326581
159256855,53401.97,0.00232909,2021-04-22T09:02:23.083263Z,53401.96,53401.97,20451.77565,81.38195795
159256947,53516.18,0.00092964,2021-04-22T09:02:51.586388Z,53516.17,53516.18,20462.1468,54.82289682
159257046,53545.87,0.00134906,2021-04-22T09:03:23.655748Z,53540.97,53540.98,20462.1468,50.53545551
159257132,53613,0.00180351,2021-04-22T09:03:53.748118Z,53612.99,53613,20471.03436,68.7388878
159257248,53635.37,0.06603783,2021-04-22T09:04:22.757691Z,53636.75,53645.46,20474.47545,82.52013655
159257334,53588.67,0.0319,2021-04-22T09:04:53.218328Z,53566.63,53566.64,20474.47545,43.51480088
159257491,53482.63,0.00198875,2021-04-22T09:05:23.795291Z,53475.73,53475.74,20482.91919,54.10782066
159257609,53479.68,0.0248,2021-04-22T09:05:53.4623Z,53465.56,53465.57,20482.91919,65.95292351
159257652,53470.86,0.00180567,2021-04-22T09:06:23.854423Z,53470.85,53470.86,20493.00573,67.53986657
159257798,53409.24,0.00186302,2021-04-22T09:06:53.887289Z,53409.23,53409.24,20506.15591,57.81610869
159257896,53405.24,0.0002801,2021-04-22T09:07:23.789541Z,53398.31,53402.55,20506.15591,34.76920937
159257992,53418.75,0.00071134,2021-04-22T09:07:52.791846Z,53418.74,53418.75,20513.31853,31.87524783
159258080,53498.4,0.00454408,2021-04-22T09:08:23.967424Z,53486.66,53498.4,20513.31853,37.33003424
159258273,53388.63,0.00148819,2021-04-22T09:08:53.753502Z,53388.63,53388.64,20519.88239,38.42848183
159258391,53412.96,0.00180911,2021-04-22T09:09:23.988155Z,53412.95,53412.96,20532.24549,38.16964899
159258533,53356.92,0.0095,2021-04-22T09:09:52.723729Z,53349.37,53349.38,20532.24549,46.99438324
159258687,53400.46,0.0017944,2021-04-22T09:10:22.983339Z,53400.8,53400.81,20539.65263,47.28135599
159258800,53421.13,0.09,2021-04-22T09:10:53.612938Z,53411.9,53416.57,20539.65263,22.45266755
159258901,53458,0.00932051,2021-04-22T09:11:23.48833Z,53457.99,53460.76,20547.62373,32.69581111
159259017,53456.24,0.01069764,2021-04-22T09:11:53.606937Z,53456.24,53456.25,20565.69152,37.70676332
159259076,53467.17,0.01833686,2021-04-22T09:12:22.139724Z,53467.16,53467.17,20565.69152,25.47011975
159259140,53486.6,0.00599202,2021-04-22T09:12:54.753019Z,53486.6,53486.61,20567.85916,21.28095618
159259204,53517.42,0.00043725,2021-04-22T09:13:25.526801Z,53517.41,53517.42,20567.85916,22.86703269
159259257,53517.5,0.00019539,2021-04-22T09:13:54.408682Z,53505.77,53505.78,20575.55438,25.20107903
159259322,53447.52,0.00078977,2021-04-22T09:14:25.842055Z,53447.52,53447.53,20579.53275,27.59490127
159259422,53467.82,0.06,2021-04-22T09:14:54.108753Z,53459.31,53468.68,20579.53275,27.50140826
159259483,53417.75,0.00025895,2021-04-22T09:15:22.941637Z,53410.17,53416.56,20584.22696,39.19234538
159259596,53391.9,0.00043816,2021-04-22T09:15:53.187019Z,53391.89,53391.9,20584.22696,43.09140351
159259694,53395.12,0.00088087,2021-04-22T09:16:25.574967Z,53395.11,53395.12,20592.02256,29.586846
159259762,53492.36,0.00515147,2021-04-22T09:16:56.027404Z,53492.35,53494.92,20605.92172,40.23110339
159259855,53625.25,0.10172313,2021-04-22T09:17:25.573626Z,53621.45,53625.35,20605.92172,88.18916727
159260026,53690.51,0.02360698,2021-04-22T09:17:55.871755Z,53697.71,53697.72,20610.13825,120.7601695
159260179,53715.06,0.01350077,2021-04-22T09:18:25.782082Z,53707.78,53714.99,20610.13825,121.8980166
159260284,53672.09,0.00005558,2021-04-22T09:18:55.490099Z,53660,53660.01,20622.05148,79.02618467
159260345,53685.41,0.00185362,2021-04-22T09:19:25.770342Z,53679.44,53686.01,20642.58364,29.67078671
159260420,53735.67,0.00748648,2021-04-22T09:19:53.793157Z,53741.48,53741.49,20642.58364,22.71885244
159260543,53765.78,0.00356001,2021-04-22T09:20:25.437095Z,53772.58,53772.59,20646.95813,33.83046284
159260670,53749.3,0.00855213,2021-04-22T09:20:55.471543Z,53749.29,53749.3,20646.95813,36.54605588
159260770,53764.93,0.00912273,2021-04-22T09:21:25.353691Z,53762.73,53762.74,20654.4964,29.5674912
159260836,53753.22,0.00485344,2021-04-22T09:21:55.664358Z,53756.98,53756.99,20659.55887,11.10566162
159260899,53784.3,0.0107549,2021-04-22T09:22:24.705824Z,53783.2,53783.21,20659.55887,12.22457787
159260970,53803.21,0.00722,2021-04-22T09:22:55.797447Z,53803.21,53803.22,20662.45272,20.19028024
159261091,53812.39,0.0696186,2021-04-22T09:23:25.37646Z,53807.07,53807.08,20662.45272,22.2953762
159261189,53826.1,0.03663954,2021-04-22T09:23:54.034512Z,53818.97,53818.98,20677.84722,25.27260541
159261259,53786.22,0.00028882,2021-04-22T09:24:25.769635Z,53782.86,53782.87,20688.68002,15.82111829
159261319,53804.31,0.00755545,2021-04-22T09:24:54.673343Z,53805.03,53810.66,20688.68002,13.00566123
159261375,53788.82,0.0240896,2021-04-22T09:25:24.983215Z,53780.37,53787.13,20694.81361,14.86287913
159261431,53776.84,0.00093,2021-04-22T09:25:55.171479Z,53777.86,53782.73,20694.81361,17.25296311
159261487,53722.86,0.01646195,2021-04-22T09:26:25.837937Z,53722.86,53722.87,20696.31476,27.90928734
159261558,53722.31,0.00061128,2021-04-22T09:26:54.516288Z,53727.6,53732.3,20699.2211,34.15150328
159261621,53721.35,0.02365287,2021-04-22T09:27:23.876513Z,53717.56,53722.26,20699.2211,29.95999239
159261674,53743.16,0.0117,2021-04-22T09:27:55.501659Z,53743.15,53743.16,20701.6822,21.37927651
159261717,53727.54,0.00081781,2021-04-22T09:28:22.699238Z,53725.41,53731.39,20701.6822,8.142600569
159261757,53717,0.2457,2021-04-22T09:28:55.90812Z,53717,53717.01,20704.45522,9.085217445
159261843,53693.59,0.00088946,2021-04-22T09:29:25.532733Z,53695.12,53695.13,20709.58859,16.12546979
159261908,53692.11,0.0118687,2021-04-22T09:29:55.304531Z,53694.07,53694.08,20709.58859,19.67773056
159262058,53637.42,0.00008595,2021-04-22T09:30:25.847928Z,53640.1,53645.05,20717.51484,31.17009169
159262216,53621.29,0.0001863,2021-04-22T09:30:55.593318Z,53614.94,53621.29,20717.51484,36.50321378
159262383,53714.52,0.00018598,2021-04-22T09:31:25.269282Z,53714.51,53714.52,20729.54527,35.90415608
159262478,53795.24,0.00323234,2021-04-22T09:31:55.738651Z,53795.24,53795.25,20731.00138,61.87806287
159262538,53783.71,0.00034777,2021-04-22T09:32:23.663143Z,53776.14,53776.15,20731.00138,71.91080881
159262620,53811.21,0.00018225,2021-04-22T09:32:56.117669Z,53805.92,53811.21,20733.42666,70.19870671
159262665,53811.66,0.17264602,2021-04-22T09:33:24.830866Z,53811.66,53811.67,20733.42666,35.93514347
159262955,53857.8,0.004762,2021-04-22T09:33:55.385415Z,53857.79,53857.8,20735.74142,25.2173453
159263012,53883.86,0.07442471,2021-04-22T09:34:25.793739Z,53883.86,53883.87,20775.17045,36.07022007
159263163,53891.55,0.0124,2021-04-22T09:34:55.777528Z,53881.01,53889.07,20775.17045,34.35394743
159263298,53846.29,0.15560599,2021-04-22T09:35:26.028861Z,53841.74,53846.31,20785.03057,28.56092674
159263403,53944.41,0.00909216,2021-04-22T09:35:54.930856Z,53944.4,53944.41,20785.03057,34.09345005
159263495,53976.95,0.00780017,2021-04-22T09:36:24.645611Z,53976.87,53976.88,20795.08372,46.34519194
159263677,54019.58,0.009,2021-04-22T09:36:54.927456Z,54013.16,54013.17,20802.6793,61.24807902
159263803,54027.46,0.0082985,2021-04-22T09:37:26.199861Z,54027.46,54027.47,20802.6793,65.60149919
159263920,54027.47,0.0575499,2021-04-22T09:37:56.630731Z,54027.47,54027.48,20814.20564,33.19689178
159264020,54041.81,0.06506164,2021-04-22T09:38:25.450665Z,54042.18,54042.73,20814.20564,22.05243261
159264089,54025.94,0.00199707,2021-04-22T09:38:55.077752Z,54025.93,54025.94,20818.45097,7.285699415
159264158,54060.05,0.01574331,2021-04-22T09:39:24.791202Z,54060.05,54060.06,20821.24395,13.09629047
159264274,54061.93,0.0671,2021-04-22T09:39:55.64232Z,54061.95,54063.72,20821.24395,15.37348366
159264351,54050.05,0.00743339,2021-04-22T09:40:25.121541Z,54050.04,54050.05,20824.94978,13.1787702
159264443,54022.92,0.00572204,2021-04-22T09:40:57.940959Z,54022.92,54022.93,20824.94978,16.64969357
159264585,54050.05,0.00270976,2021-04-22T09:41:27.940844Z,54050.04,54050.05,20827.60781,13.94029268
159264651,54032.58,0.00185074,2021-04-22T09:41:53.366089Z,54022.98,54031.5,20845.92775,13.91583644
159264774,54039.13,0.00659218,2021-04-22T09:42:27.077048Z,54039.13,54039.14,20845.92775,10.43062913
159264849,54022.63,0.00817417,2021-04-22T09:42:57.20042Z,54022.63,54022.64,20850.87318,10.35887909
159264930,54030.89,0.02051472,2021-04-22T09:43:27.120358Z,54030.88,54030.89,20854.37551,9.157610166
159265013,54015.32,0.03,2021-04-22T09:43:57.651128Z,54015.31,54015.32,20854.37551,8.279664242
159265099,53969.71,0.14810045,2021-04-22T09:44:25.486657Z,53976.11,53976.12,20857.12095,24.26032118
159265130,53968.13,0.00070894,2021-04-22T09:44:54.359412Z,53968.12,53968.13,20857.12095,26.92681905
159265199,53965.28,0.00121755,2021-04-22T09:45:27.78765Z,53965.27,53965.28,20859.53185,27.61906631
159265291,54017.97,0.00102339,2021-04-22T09:45:56.867317Z,54012.55,54017.98,20862.20978,24.03141727
159265354,53993.37,0.00362924,2021-04-22T09:46:27.317226Z,53993.47,53996.29,20862.20978,20.20949717
159265420,53958.3,0.00178724,2021-04-22T09:46:57.8957Z,53958.29,53958.3,20863.18551,22.12276022
159265481,53976.96,0.00186206,2021-04-22T09:47:27.710703Z,53976.96,53976.97,20863.18551,21.39654608
159265550,53959.12,0.0019733,2021-04-22T09:47:58.160241Z,53959.11,53959.12,20865.00657,22.49462211
159265607,53957.28,0.00193266,2021-04-22T09:48:26.990903Z,53957.28,53957.29,20866.12396,14.18958153
159265697,53961.87,0.00901864,2021-04-22T09:48:56.619278Z,53962.21,53962.22,20866.12396,7.288197581
159265755,53949.11,0.03253071,2021-04-22T09:49:27.376823Z,53944.61,53944.62,20868.62398,9.100948081
159265833,53959.11,0.00178902,2021-04-22T09:49:57.521637Z,53959.1,53959.11,20868.62398,4.348560219
159265919,53970.78,0.09615119,2021-04-22T09:50:26.673506Z,53970.77,53970.78,20870.70325,7.011467748
159266005,54014.14,0.0018807,2021-04-22T09:50:57.102134Z,54014.13,54014.14,20870.70325,22.64954339
159266097,54040.42,0.00105042,2021-04-22T09:51:26.356298Z,54039.82,54039.83,20874.72599,34.83232372
159266266,54138.48,0.00039394,2021-04-22T09:51:57.296532Z,54140.46,54140.47,20877.62631,64.05289989
159266326,54154.3,0.00022015,2021-04-22T09:52:27.412269Z,54154.29,54154.3,20877.62631,71.31992417
159266365,54162.53,0.04057418,2021-04-22T09:52:57.883248Z,54162.52,54162.53,20884.04108,62.03456121
159266499,54207.62,0.00290404,2021-04-22T09:53:28.062784Z,54207.62,54207.63,20885.48725,55.13764159
159266599,54218.43,0.00904691,2021-04-22T09:53:57.363222Z,54218.42,54218.43,20885.48725,31.17640351
159266667,54213.83,0.00016535,2021-04-22T09:54:27.332161Z,54213.82,54213.83,20895.44399,27.22750183
159266793,54229.54,0.01507034,2021-04-22T09:54:56.86638Z,54230.26,54230.27,20895.44399,23.07141175
159266881,54194.17,0.00361006,2021-04-22T09:55:26.625428Z,54194.17,54194.18,20902.80413,11.7205894
159266939,54181,0.04032296,2021-04-22T09:55:56.62222Z,54181,54181.01,20906.34039,17.46526908
159266997,54194.16,0.00054885,2021-04-22T09:56:27.594901Z,54194.16,54194.17,20906.34039,17.0922029
159267054,54215,0.00178189,2021-04-22T09:56:57.886747Z,54214.99,54215,20909.76565,17.25242429
159267104,54214.99,0.03679817,2021-04-22T09:57:27.485845Z,54214.98,54214.99,20909.76565,13.25671241
159267379,54334.36,0.0762138,2021-04-22T09:57:57.645429Z,54334.91,54334.92,20918.46676,54.7810319
159267523,54263.96,0.00377512,2021-04-22T09:58:27.59654Z,54263.95,54263.96,20918.46676,50.45535991
159267597,54309.07,0.00177737,2021-04-22T09:58:56.352498Z,54309.06,54309.07,20964.83136,48.42396787
159267652,54297.17,0.04986291,2021-04-22T09:59:27.085435Z,54290.72,54297.91,20971.4731,41.23596634
159267743,54321.88,0.00262209,2021-04-22T09:59:57.955027Z,54321.49,54321.5,20971.4731,24.11922337
159267849,54345.78,0.000165,2021-04-22T10:00:25.66403Z,54345.77,54345.78,20979.07031,27.11834169
159267951,54347.03,0.0176057,2021-04-22T10:00:56.770787Z,54347.02,54347.03,20624.97914,19.75765431
159268058,54309.9,0.00097777,2021-04-22T10:01:27.052069Z,54309.9,54309.91,20624.97914,19.63304907
159268170,54255.24,0.0014641,2021-04-22T10:01:57.883115Z,54255.24,54255.25,20643.71436,33.50601594
159268262,54266.11,0.02333,2021-04-22T10:02:27.913513Z,54269.81,54269.82,20643.71436,38.57940456
159268341,54231.38,0.00220457,2021-04-22T10:02:57.193282Z,54231.38,54231.39,20647.53082,41.32375075
159268392,54233.95,0.00196958,2021-04-22T10:03:27.29969Z,54225.41,54233.03,20647.53082,28.4442167
159268432,54228.87,0.0070583,2021-04-22T10:03:57.238132Z,54228.86,54228.87,20649.86109,14.83518116
159268473,54227.74,0.0014437,2021-04-22T10:04:29.019807Z,54227.73,54227.74,20651.11525,14.41015614
159268533,54259.24,0.00088094,2021-04-22T10:04:56.343921Z,54259.23,54259.24,20651.11525,11.6998335
159268608,54202.6,0.00171939,2021-04-22T10:05:27.634319Z,54202.6,54202.61,20651.90605,18.03647748
159268673,54243.98,0.00145037,2021-04-22T10:05:56.45498Z,54269.19,54269.2,20651.90605,18.85026005
159268726,54226.7,0.03584448,2021-04-22T10:06:24.695842Z,54226.71,54227.15,20665.43148,18.95321651
159268781,54226.71,0.00451887,2021-04-22T10:06:59.379638Z,54226.7,54226.71,20667.18144,19.00449168
159268852,54189.37,0.0001654,2021-04-22T10:07:29.459022Z,54189.36,54189.37,20667.18144,19.40757316
159268932,54236.09,0.00122981,2021-04-22T10:07:59.266751Z,54227.3,54233.65,20671.97892,18.74894663
159268992,54216.77,0.0423363,2021-04-22T10:08:26.567289Z,54203.88,54203.89,20675.94345,16.08496242
159269046,54197.85,0.00033987,2021-04-22T10:08:58.192828Z,54197.84,54197.85,20675.94345,17.4504079
159269096,54188.06,0.07183799,2021-04-22T10:09:28.672507Z,54197.84,54197.85,20677.47331,18.36045794
159269149,54219.75,0.00738013,2021-04-22T10:09:59.715048Z,54218.8,54221.14,20677.47331,16.94728013
159269192,54177.95,0.00109206,2021-04-22T10:10:28.96611Z,54177.95,54177.96,20679.55504,16.15335952
159269241,54189.36,0.0012828,2021-04-22T10:10:58.618418Z,54189.36,54189.37,20680.21169,14.07505964
159269272,54205.47,0.00036713,2021-04-22T10:11:29.352429Z,54202.62,54202.63,20680.21169,14.74184167
159269313,54194,0.00760806,2021-04-22T10:12:00.020407Z,54194,54194.01,20682.68241,14.27660548
159269386,54177.95,0.00379155,2021-04-22T10:12:27.884339Z,54177.95,54177.96,20682.68241,10.39789324
159269429,54174.58,0.00024501,2021-04-22T10:12:59.694303Z,54174.57,54174.58,20685.31377,11.16941789
159269479,54185.76,0.00136857,2021-04-22T10:13:27.582798Z,54174.61,54180.29,20689.62328,11.19208541
159269517,54180.77,0.0094,2021-04-22T10:13:57.31203Z,54180.76,54180.77,20689.62328,6.771066084
159269590,54223.99,0.00849055,2021-04-22T10:14:29.409998Z,54223.99,54224,20691.4044,18.06548643
159269699,54243.77,0.00019775,2021-04-22T10:14:57.679391Z,54240.19,54240.2,20691.4044,27.18214311
159269787,54272.42,0.2452,2021-04-22T10:15:29.49235Z,54272.42,54272.43,20694.78655,34.73083667
159269827,54284.6,0.00903464,2021-04-22T10:15:59.851336Z,54284.59,54284.6,20697.66952,36.91282108
159269901,54226.26,0.00088859,2021-04-22T10:16:29.022679Z,54226.25,54226.26,20697.66952,24.40705095
159269963,54201.72,0.00132147,2021-04-22T10:16:59.2341Z,54201.71,54201.72,20698.37204,30.1431011
159270027,54174.58,0.00185485,2021-04-22T10:17:27.180746Z,54174.57,54174.58,20698.37204,41.58697758
159270131,54137.88,0.04549536,2021-04-22T10:17:58.685903Z,54148.33,54148.34,20700.41736,49.45579133
159270225,54155.98,0.00055176,2021-04-22T10:18:29.44192Z,54149.59,54154.3,20703.06926,31.58991586
159270285,54157.48,0.002,2021-04-22T10:18:59.040343Z,54157.47,54157.48,20703.06926,21.50416741
159270350,54141.08,0.00097415,2021-04-22T10:19:29.938071Z,54141.08,54141.09,20706.66015,13.14950949
159270409,54145.01,0.0043368,2021-04-22T10:19:58.051174Z,54145,54145.01,20706.66015,7.892663931
159270492,54146.32,0.00017475,2021-04-22T10:20:29.17832Z,54146.31,54146.32,20708.15358,6.423524261
159270557,54155.87,0.0005382,2021-04-22T10:20:59.459381Z,54155.87,54155.88,20710.56992,6.400323111
159270644,54207.28,0.00095411,2021-04-22T10:21:29.820822Z,54207.27,54207.28,20710.56992,24.5695807
159270735,54240.75,0.00555802,2021-04-22T10:21:59.135074Z,54240.75,54240.76,20711.77867,38.39559798
159270826,54251.19,0.00088073,2021-04-22T10:22:29.507482Z,54248.82,54251.17,20711.77867,42.80789338
159270900,54252.88,0.00177921,2021-04-22T10:23:00.161539Z,54252.87,54252.88,20714.43998,36.73206806
159270983,54274.18,0.0095675,2021-04-22T10:23:30.374844Z,54274.17,54274.18,20716.66363,21.87425939
159271086,54262.65,0.0052,2021-04-22T10:24:00.097192Z,54257.72,54257.73,20716.66363,11.3103793
159271151,54290.3,0.0004311,2021-04-22T10:24:29.497757Z,54290.29,54290.3,20721.80358,14.55889693
159271349,54417.69,0.00087985,2021-04-22T10:25:00.123093Z,54417.68,54417.69,20721.80358,60.37542116
159271502,54426.87,0.01487898,2021-04-22T10:25:29.612831Z,54426.86,54426.87,20724.26916,72.39782687
159271572,54358.02,0.00339427,2021-04-22T10:25:59.827426Z,54356.52,54356.53,20731.84362,65.94429425
159271684,54411.96,0.00279339,2021-04-22T10:26:29.506217Z,54402.82,54402.83,20731.84362,51.30945308
159271776,54395.91,0.00878851,2021-04-22T10:26:59.097292Z,54395.9,54395.91,20735.35988,24.22883654
159271864,54371.81,0.0335226,2021-04-22T10:27:29.334505Z,54371.8,54371.81,20735.35988,25.24957869
159271992,54343.44,0.00987471,2021-04-22T10:27:59.769453Z,54350.24,54350.25,20737.28952,24.86065116
159272066,54379.05,0.00686063,2021-04-22T10:28:28.731422Z,54377.11,54379.02,20747.99851,23.14407103
159272145,54362.06,0.00009179,2021-04-22T10:28:59.628302Z,54363.51,54368.57,20747.99851,17.45825489
159272202,54368.58,0.00186694,2021-04-22T10:29:29.040545Z,54368.57,54368.58,20751.4752,12.08363753
159272308,54390.99,0.00009146,2021-04-22T10:29:59.996973Z,54390.98,54390.99,20751.4752,16.0378385
159272449,54383.43,0.00125825,2021-04-22T10:30:29.138673Z,54382.73,54382.74,20754.28273,10.34610148
159272568,54356.92,0.01320126,2021-04-22T10:30:59.793377Z,54356.92,54356.93,20754.28273,12.87157581
159272674,54306.5,0.00694767,2021-04-22T10:31:28.670655Z,54306.5,54306.51,20762.76122,29.82098093
159273055,54252.53,1.11055928,2021-04-22T10:31:47.970599Z,54252.51,54252.52,20766.38293,52.01371919
159273164,54233.86,0.05124312,2021-04-22T10:32:29.743881Z,54228.37,54233.98,20766.38293,57.70549762
159273248,54236.47,0.01014291,2021-04-22T10:32:57.93117Z,54236.46,54236.47,20821.89791,47.66476711
159273315,54235.08,0.0090386,2021-04-22T10:33:29.578759Z,54235.07,54235.08,20824.38211,27.65181759
159273376,54235.08,0.00178058,2021-04-22T10:33:58.11799Z,54235.07,54235.08,20824.38211,7.011848822
159273466,54267.16,0.0092263,2021-04-22T10:34:31.665428Z,54252.1,54252.11,20826.36251,12.84160737
159273527,54272.9,0.00032648,2021-04-22T10:34:58.350757Z,54273.67,54273.68,20826.36251,16.99975341
159273570,54260.43,0.00353003,2021-04-22T10:35:30.114366Z,54260.43,54260.44,20829.65398,16.0473599
159273658,54265.25,0.00002644,2021-04-22T10:36:00.493064Z,54265.24,54265.25,20830.54242,13.16278785
159273740,54263.95,0.00013873,2021-04-22T10:36:30.198103Z,54263.94,54263.95,20830.54242,4.116461575
159273797,54266.44,0.00881673,2021-04-22T10:36:58.298839Z,54266.43,54266.44,20833.29737,4.083658152
159273850,54266.71,0.03972804,2021-04-22T10:37:30.808077Z,54266.7,54266.71,20833.29737,2.283064585
159273895,54266.71,0.03806443,2021-04-22T10:38:01.187222Z,54266.7,54266.71,20833.9747,1.076111471
159274021,54312.63,0.02047969,2021-04-22T10:38:31.122047Z,54312.03,54312.63,20835.32468,18.69987422
159274113,54269.44,0.00487029,2021-04-22T10:39:00.66648Z,54269.42,54269.43,20835.32468,18.15514979
159274193,54280.73,0.00113201,2021-04-22T10:39:30.869867Z,54280.73,54280.74,20837.65915,17.47657815
159274256,54301.91,0.03156355,2021-04-22T10:40:00.776564Z,54301.91,54301.92,20837.65915,18.08862803
159274332,54268.26,0.03956608,2021-04-22T10:40:29.617572Z,54268.26,54268.27,20840.08993,17.76082723
159274416,54261.04,0.05539405,2021-04-22T10:40:56.778362Z,54261.03,54261.04,20841.72199,14.28329737
159274463,54266.94,0.00176335,2021-04-22T10:41:30.700646Z,54266.93,54266.94,20841.72199,14.5550192
159274539,54305.39,0.00016522,2021-04-22T10:41:59.887059Z,54305.38,54305.39,20844.15771,18.92124034
159274639,54327.5,0.00177749,2021-04-22T10:42:30.899847Z,54327.49,54327.5,20844.15771,26.07321813
159274742,54381.9,0.0006225,2021-04-22T10:43:00.366852Z,54381.89,54381.9,20849.21804,44.13140088
159275072,54354.16,0.05812044,2021-04-22T10:43:30.822854Z,54339.53,54354.22,20867.29766,39.56251478
159275146,54362.37,0.00054939,2021-04-22T10:44:00.364017Z,54362.36,54362.37,20867.29766,26.88659934
159275240,54294.96,0.00025779,2021-04-22T10:44:30.170864Z,54294.96,54294.97,20875.17624,30.17981338
159275295,54286.08,0.0019749,2021-04-22T10:45:00.543464Z,54286.07,54286.08,20875.17624,38.231412
159275345,54290.47,0.00043092,2021-04-22T10:45:28.708337Z,54284.99,54285,20880.15464,33.41587371
159275407,54264.14,0.00026607,2021-04-22T10:45:59.810467Z,54264.13,54264.14,20881.34111,33.12147738
159275503,54272.71,0.00176301,2021-04-22T10:46:30.491192Z,54269.84,54269.85,20881.34111,11.49864931
159275596,54245.08,0.00006008,2021-04-22T10:47:00.49793Z,54239.33,54245.08,20884.42499,16.28431957
159275657,54223.53,0.0001,2021-04-22T10:47:30.669034Z,54223.53,54223.54,20884.42499,23.04976755
159275716,54221.03,0.00136703,2021-04-22T10:48:02.668011Z,54218.51,54221.03,20887.35305,20.82915207
159275807,54193.89,0.06084803,2021-04-22T10:48:31.959229Z,54193.88,54193.89,20890.39001,26.34394382
159275909,54235,0.00903912,2021-04-22T10:49:02.910811Z,54234.99,54235,20890.39001,17.20806857
159275989,54229.53,0.00088091,2021-04-22T10:49:30.889245Z,54229.52,54229.53,20897.12822,14.20773535
159276100,54253.72,0.03527865,2021-04-22T10:50:00.045818Z,54253.71,54253.72,20897.12822,19.57346428
159276201,54260.85,0.00022702,2021-04-22T10:50:32.095625Z,54257.65,54261.44,20901.87402,23.40002513
159276265,54256.91,0.00232384,2021-04-22T10:51:00.845817Z,54256.99,54257,20906.94197,12.52346501
159276335,54245.49,0.00903687,2021-04-22T10:51:32.303345Z,54245.48,54245.49,20906.94197,11.10153142
159276407,54256.93,0.00791619,2021-04-22T10:52:02.595547Z,54256.93,54256.94,20910.15287,5.165888104
159276515,54200,0.0185,2021-04-22T10:52:32.789721Z,54194.93,54194.94,20910.15287,22.60968429
159276654,54178.07,0.00018365,2021-04-22T10:53:02.705754Z,54174.72,54178.23,20913.12846,32.41692768
159276877,54003.74,0.21741721,2021-04-22T10:53:32.644052Z,54054.19,54054.2,20919.90172,91.24553569
159277043,53982.99,0.00196705,2021-04-22T10:54:02.841632Z,53982.99,53983,20919.90172,110.195861
159277191,53995.91,0.00384702,2021-04-22T10:54:32.179279Z,53995.9,53995.91,20932.5483,95.92355277
159277376,54012.01,0.002,2021-04-22T10:55:02.70179Z,54008.34,54012.66,20932.5483,72.39721144
159277523,54056.83,0.00137084,2021-04-22T10:55:32.646011Z,54056.82,54056.83,20944.29393,25.15514548
159277674,53987.76,0.14646673,2021-04-22T10:56:02.503529Z,53970.9,53986.63,20957.85977,26.74967215
159277809,53966.67,0.00018437,2021-04-22T10:56:32.391001Z,53971.58,53976.69,20957.85977,30.25805387
159277916,53989.31,0.00908355,2021-04-22T10:57:02.777415Z,53989.3,53989.31,20968.17493,30.71553457
159278025,53960.43,0.08218998,2021-04-22T10:57:31.883899Z,53960.43,53960.44,20968.17493,34.25263902
159278220,53970.78,0.0686,2021-04-22T10:58:02.838105Z,53964.8,53976.69,20971.85418,11.55054457
159278332,53933.38,0.00102381,2021-04-22T10:58:31.789222Z,53933.38,53933.39,20992.94407,18.13260996
159278449,53956.02,0.00136564,2021-04-22T10:59:02.116257Z,53956.01,53956.02,20992.94407,18.33168252
159278598,53922.36,0.00184402,2021-04-22T10:59:31.630983Z,53916.57,53916.58,20998.79565,17.92843284
159278773,53898.2,0.0174,2021-04-22T11:00:02.70797Z,53900.58,53902.85,20998.79565,25.42476462
159278861,53921.53,0.0004,2021-04-22T11:00:31.901625Z,53910.94,53916.58,21006.66154,18.76854432
159278946,53966.12,0.00909187,2021-04-22T11:01:02.207397Z,53966.12,53966.13,20296.54948,24.8296062
159279112,53974.86,0.000185,2021-04-22T11:01:31.112828Z,53974.86,53974.87,20296.54948,29.11940769
159279184,53964.32,0.00331146,2021-04-22T11:02:02.8165Z,53962.72,53966.74,20303.2357,29.83962842
159279319,53953.5,0.00269586,2021-04-22T11:02:33.166629Z,53953.49,53953.5,20303.2357,18.55664582
159279417,53986.09,0.00060863,2021-04-22T11:03:02.297919Z,53984.29,53984.3,20306.60554,10.92567691
159279496,53999.98,0.08685888,2021-04-22T11:03:32.223515Z,53999.98,53999.99,20310.96122,16.25120303
159279609,53988.71,0.1227,2021-04-22T11:04:02.847939Z,53988.94,54000.71,20310.96122,17.02535168
159279753,54015.77,0.00570861,2021-04-22T11:04:32.906689Z,54015.76,54015.77,20314.75915,20.52225621
159279874,53985.81,0.03629483,2021-04-22T11:05:02.230434Z,53985.8,53985.81,20314.75915,11.48243598
159280001,53937.42,0.01357924,2021-04-22T11:05:32.587783Z,53937.42,53937.43,20320.98903,26.26032246
159280098,53984.13,0.00088487,2021-04-22T11:06:00.40806Z,53984.12,53984.13,20330.03845,25.26336985
159280204,53923.46,0.00716,2021-04-22T11:06:32.761995Z,53923.45,53923.46,20330.03845,33.96942237
159280311,53908.02,0.00016628,2021-04-22T11:07:01.735583Z,53908.01,53908.02,20338.06725,31.77185006
159280421,53940.33,0.00909294,2021-04-22T11:07:32.801521Z,53937.35,53940.33,20338.06725,25.46250687
159280495,53984.13,0.00018459,2021-04-22T11:08:00.739414Z,53984.12,53984.13,20345.18455,31.20959378
159280600,53980.85,0.00908116,2021-04-22T11:08:33.090261Z,53980.84,53980.85,20349.2012,30.46926149
159280762,53976.06,0.0079816,2021-04-22T11:09:02.593732Z,53976.05,53976.06,20349.2012,29.46597319
159280863,54000,0.017,2021-04-22T11:09:32.307758Z,53999.99,54000,20355.76517,19.68551
159280999,54026.72,0.00178223,2021-04-22T11:10:02.504858Z,54025.33,54025.34,20355.76517,18.42703383
159281162,53997.09,0.05,2021-04-22T11:10:32.220608Z,53997.08,53997.09,20361.3725,17.82093667
159281271,54025.34,0.00084753,2021-04-22T11:11:01.634141Z,54025.33,54025.34,20365.83402,19.02922426
159281412,53992.59,0.00630667,2021-04-22T11:11:32.615356Z,53992.59,53992.6,20365.83402,14.63560508
159281539,54015.76,0.01,2021-04-22T11:12:02.552899Z,54007.66,54014.01,20374.56247,14.18857146
159281691,53990,0.00232396,2021-04-22T11:12:32.767374Z,53989.99,53990,20374.56247,13.91048324
159281847,53969.73,0.00899151,2021-04-22T11:13:01.128551Z,53973.97,53973.98,20382.68445,19.7636784
159281948,53989.37,0.0019495,2021-04-22T11:13:32.8297Z,53983.4,53988.05,20395.39493,14.63184882
159282125,53969,0.00020327,2021-04-22T11:14:05.249939Z,53965.68,53965.69,20395.39493,17.1099239
159282219,53990,0.00454203,2021-04-22T11:14:36.339031Z,53989.99,53990,20413.71948,10.01147142
159282300,54019.66,0.00274527,2021-04-22T11:15:06.772635Z,54013.47,54019.08,20413.71948,18.45005084
159282388,54030.43,0.0007,2021-04-22T11:15:34.42882Z,54030.42,54030.43,20416.6991,22.29808548
159282541,54076.43,0.00039587,2021-04-22T11:16:04.509853Z,54076.39,54076.4,20421.32874,36.74863622
159282656,54189.02,0.02063253,2021-04-22T11:16:34.970696Z,54172.86,54189.02,20421.32874,69.7304345
159282774,54216.16,0.00005795,2021-04-22T11:17:04.830535Z,54216.15,54216.16,20425.15744,81.32253488
159282982,54278.46,0.01129615,2021-04-22T11:17:36.56521Z,54278.47,54278.48,20425.15744,91.41461305
159283153,54334.86,0.00959449,2021-04-22T11:18:06.253798Z,54340.03,54340.04,20428.7586,87.39805618
159283548,54508.79,0.0435,2021-04-22T11:18:36.710867Z,54508.79,54508.8,20444.47228,113.5510568
159283674,54496.61,0.003,2021-04-22T11:19:06.311048Z,54496.6,54496.61,20444.47228,117.071064
159283928,54573.82,0.00755274,2021-04-22T11:19:35.078146Z,54561.49,54567.83,20466.15735,112.2345842
159284309,54654.22,0.04341589,2021-04-22T11:20:06.64131Z,54645.79,54654.72,20466.15735,105.5084817
159284580,54556.7,0.0182,2021-04-22T11:20:36.212204Z,54552.85,54568.88,20481.22245,56.03677914
159284793,54582.07,0.00012736,2021-04-22T11:21:04.935612Z,54582.06,54582.07,20510.93032,50.5573902
159284989,54667.88,0.00180346,2021-04-22T11:21:36.847247Z,54667.87,54667.88,20510.93032,45.14109188
159285303,54708.9,0.02688787,2021-04-22T11:22:06.564921Z,54698.71,54698.72,20529.31211,56.28270981
159285696,54820.16,0.38474339,2021-04-22T11:22:37.009672Z,54838.72,54838.73,20529.31211,94.43883108
159286138,54841.35,0.01482,2021-04-22T11:23:06.896199Z,54842.35,54842.36,20550.58171,96.47728383
159286441,54986.4,0.0001,2021-04-22T11:23:36.712039Z,54985.28,54987.27,20595.95036,111.7982051
159287308,55134.95,0.0009402,2021-04-22T11:24:06.479925Z,55109.23,55127.85,20595.95036,147.6389793
159287570,55111.46,0.00090705,2021-04-22T11:24:37.147849Z,55105.91,55125.75,20656.94715,131.2237705
159287726,55117.09,0.00138874,2021-04-22T11:25:06.479857Z,55112.43,55112.44,20656.94715,111.6999303
159288008,55000.01,0.0135349,2021-04-22T11:25:36.909273Z,55000,55000.01,20685.08321,63.31265384
159288229,55115.32,0.0549,2021-04-22T11:26:06.83444Z,55118.55,55130.55,20700.27035,48.55506342
159288480,55149.85,0.0011518,2021-04-22T11:26:36.308985Z,55143.85,55143.86,20700.27035,51.2508773
159288717,55163.35,0.7569,2021-04-22T11:27:05.686858Z,55154.66,55154.67,20719.10977,57.6312046
159288866,55130.51,0.00181378,2021-04-22T11:27:36.134371Z,55130.5,55130.51,20719.10977,58.24888545
159289104,55156.94,0.37692138,2021-04-22T11:28:06.652994Z,55088.67,55096.2,20735.4781,17.7615479
159289256,55060.46,0.075,2021-04-22T11:28:36.854085Z,55073.19,55073.2,20757.6715,37.53236971
159289419,55028.49,0.00763971,2021-04-22T11:29:06.998112Z,55028.48,55028.49,20757.6715,53.93945754
159289534,55016.23,0.01773926,2021-04-22T11:29:36.876803Z,55016.22,55016.23,20779.83548,55.78864565
159289710,54992.09,0.0268,2021-04-22T11:30:06.164402Z,54999.98,54999.99,20779.83548,57.44334858
159289932,55048.26,0.00608721,2021-04-22T11:30:36.33622Z,55033.59,55047.21,20791.25111,24.0262528
159290183,55198.89,0.00510173,2021-04-22T11:31:06.719845Z,55198.88,55198.89,20808.43143,73.3447537
159290482,55138.94,0.00115197,2021-04-22T11:31:36.714155Z,55135.57,55135.58,20808.43143,77.98040097
159290644,55113.77,0.0013899,2021-04-22T11:32:06.687943Z,55105.98,55113.24,20833.40216,71.82451364
159290808,55068.4,0.00038684,2021-04-22T11:32:36.45921Z,55069.36,55074.57,20833.40216,53.34579773
159291023,55134.95,0.00605386,2021-04-22T11:33:06.472501Z,55134.94,55134.95,20849.40407,42.19793976
159291211,55120.14,0.04125079,2021-04-22T11:33:36.754379Z,55100.54,55116.26,20878.20326,25.18066956
159291330,55068.27,0.00016273,2021-04-22T11:34:06.315322Z,55063.01,55071.52,20878.20326,27.62597227
159291476,55110.79,0.00889826,2021-04-22T11:34:36.376125Z,55110.78,55110.79,20889.50364,27.37735779
159291639,55110.73,0.00079507,2021-04-22T11:35:06.259055Z,55110.77,55110.78,20889.50364,22.19292283
159291785,55144.9,0.00360876,2021-04-22T11:35:36.722781Z,55130.88,55141.32,20899.95527,24.73343372
159291974,55050,0.00264811,2021-04-22T11:36:06.861558Z,55049.99,55050,20909.31295,33.78603463
159292163,55020.67,0.00445261,2021-04-22T11:36:36.22486Z,55020.66,55020.67,20909.31295,45.27534048
159292317,55068.46,0.0032987,2021-04-22T11:37:04.84382Z,55068.46,55068.47,20939.10868,44.05467485
159292419,55035.2,0.0010845,2021-04-22T11:37:36.955627Z,55035.19,55035.2,20939.10868,43.51439283
159292563,55046.6,0.02287652,2021-04-22T11:38:06.895275Z,55046.59,55046.6,20959.84624,15.8909252
159292764,54959.95,0.00268412,2021-04-22T11:38:36.737651Z,54959.94,54959.95,20965.56475,36.6134077
159292953,54999.98,0.00484305,2021-04-22T11:39:06.485706Z,54999.99,55000,20965.56475,38.13923774
159293225,54957.16,0.000774,2021-04-22T11:39:36.952517Z,54957.15,54957.16,20984.07915,37.01249
159293372,54880.92,0.00279836,2021-04-22T11:40:06.383127Z,54882.26,54889.8,20984.07915,54.70222021
159293523,54851.6,0.00024514,2021-04-22T11:40:35.412093Z,54843.42,54844.61,21009.02474,54.9313107
159293649,54843.42,0.00087109,2021-04-22T11:41:06.701006Z,54843.41,54843.42,21017.74672,61.56673049
159293833,54860.51,0.0029065,2021-04-22T11:41:37.417052Z,54856.06,54860.5,21017.74672,41.16032575
159293927,54845.02,0.00033575,2021-04-22T11:42:06.530744Z,54845.01,54845.02,21032.89745,13.7046789
159294053,54856.01,0.0036646,2021-04-22T11:42:36.774368Z,54856,54856.01,21032.89745,6.459570866
159294162,54849.3,0.00087083,2021-04-22T11:43:06.718488Z,54849.29,54849.3,21036.71199,6.504421248
159294302,54855.99,0.00057082,2021-04-22T11:43:38.588939Z,54855.98,54855.99,21047.34935,5.497288765
159294495,54908.69,0.00125195,2021-04-22T11:44:08.703151Z,54914.45,54914.46,21047.34935,23.22303459
159294583,54895.83,0.0019394,2021-04-22T11:44:36.871485Z,54895.82,54895.83,21057.84368,24.22618715
159294726,54917.85,0.00054017,2021-04-22T11:45:08.113469Z,54922.24,54922.25,21069.43038,27.82905848
159294879,54886.86,0.00113472,2021-04-22T11:45:38.999218Z,54886.86,54886.87,21069.43038,21.35011718
159294987,54855.55,0.00111659,2021-04-22T11:46:07.345082Z,54854.24,54859.05,21083.01321,21.50302267
159295137,54818.48,0.00176002,2021-04-22T11:46:38.526237Z,54812.72,54818.03,21083.01321,34.59319852
159295259,54848.66,0.00174434,2021-04-22T11:47:08.765175Z,54845.51,54848.66,21086.84894,34.0301002
159295348,54830.34,0.30380034,2021-04-22T11:47:38.787681Z,54823.69,54825.32,21092.51069,23.45566575
159295573,54799.52,0.00040873,2021-04-22T11:48:06.601706Z,54799.51,54799.52,21092.51069,20.30543769
159295702,54760.03,0.0036675,2021-04-22T11:48:38.699348Z,54760.02,54760.03,21108.3632,30.25613564
159295841,54825,0.00130797,2021-04-22T11:49:08.931757Z,54824.99,54825,21108.3632,30.67057873
159295943,54779.6,0.01982319,2021-04-22T11:49:35.847191Z,54769.48,54778.41,21116.55941,26.65871294
159296169,54753.07,0.00910076,2021-04-22T11:50:07.905944Z,54753.06,54753.07,21120.2825,26.3473358
159296281,54775.01,0.00217736,2021-04-22T11:50:38.895382Z,54775.01,54775.02,21120.2825,25.15335794
159296357,54823.11,0.03686203,2021-04-22T11:51:08.694736Z,54816.65,54819.87,21133.38423,28.32402612
159296534,54768.35,0.00871579,2021-04-22T11:51:38.649149Z,54771.61,54771.62,21133.38423,23.42789653
159296668,54810.98,0.00174695,2021-04-22T11:52:07.774969Z,54810.97,54810.98,21140.26689,26.52465238
159296953,54911.57,0.18119225,2021-04-22T11:52:38.495961Z,54911.56,54916.77,21148.07456,51.27144999
159297162,54929.54,0.036,2021-04-22T11:53:08.733895Z,54929.53,54929.54,21148.07456,61.67902561
159297299,54877.67,0.0148,2021-04-22T11:53:38.547172Z,54877.67,54877.68,21164.85787,61.00733379
159297411,54849.87,0.00176024,2021-04-22T11:54:06.982214Z,54842.46,54842.47,21164.85787,42.53209451
159297583,54839.24,0.0029323,2021-04-22T11:54:38.608107Z,54839.25,54844.9,21178.7739,34.67866629
159297843,54812.03,0.08215106,2021-04-22T11:55:08.639134Z,54812.03,54812.04,21196.29855,39.92195235
159298015,54788.45,0.00285312,2021-04-22T11:55:38.880766Z,54788.44,54788.45,21196.29855,30.79728975
159298131,54833.39,0.00220123,2021-04-22T11:56:08.691439Z,54833.38,54833.39,21214.82773,21.88604084
159298229,54835.51,0.00087114,2021-04-22T11:56:38.242787Z,54832.12,54834.8,21214.82773,19.15250542
159298311,54833.67,0.00087128,2021-04-22T11:57:08.596314Z,54830.49,54832.08,21218.54543,18.24162273
159298402,54798.84,0.00050858,2021-04-22T11:57:38.576876Z,54798.83,54798.84,21220.79531,20.14599354
159298508,54829.99,0.02,2021-04-22T11:58:08.756941Z,54829.99,54830,21220.79531,13.83527953
159298741,54912.68,0.00041925,2021-04-22T11:58:38.138494Z,54913.84,54918.97,21225.29958,37.7202913
159298896,54858.08,0.00784838,2021-04-22T11:59:08.819198Z,54846.86,54860.01,21225.29958,38.00641493
159299066,54847.88,0.54631162,2021-04-22T11:59:38.074088Z,54850,54850.01,21249.11091,37.45671827
159299189,54899.93,0.23387481,2021-04-22T12:00:08.881366Z,54902.9,54908.02,21261.86224,31.46157491
159299585,54969.78,0.00258,2021-04-22T12:00:38.948458Z,54969.77,54969.78,21261.86224,43.53543844
159299809,54992.22,0.0491049,2021-04-22T12:01:08.703691Z,54981.1,54993.53,20462.46425,58.18204548
159300067,54917.74,0.03803104,2021-04-22T12:01:39.073888Z,54917.74,54925.13,20462.46425,51.28583274
159300196,54912.24,0.00093144,2021-04-22T12:02:08.657506Z,54912.23,54912.24,20486.29243,35.97893072
159300330,54931.2,0.06092151,2021-04-22T12:02:38.591905Z,54931.19,54931.2,20503.31191,31.14443616
159300489,54982.36,0.02006265,2021-04-22T12:03:08.771841Z,54982.36,54982.37,20503.31191,33.4936044
159300681,54988.09,0.00207293,2021-04-22T12:03:39.293456Z,54988.08,54993.2,20510.17945,32.40522032
159300831,55017.97,0.00183797,2021-04-22T12:04:08.754821Z,55017.97,55017.98,20510.17945,38.87668782
159300969,55042.19,0.00318918,2021-04-22T12:04:38.710149Z,55042.19,55042.31,20524.12145,37.4103715
159301099,55048.06,0.00587523,2021-04-22T12:05:08.884791Z,55048.18,55048.19,20530.00153,26.93660899
159301373,55122.49,0.07661901,2021-04-22T12:05:38.691411Z,55122.49,55122.5,20530.00153,44.68476429
159301513,55050,0.00103764,2021-04-22T12:06:08.766075Z,55050,55050.01,20550.57292,35.09091016
159301701,55003.34,0.00445579,2021-04-22T12:06:39.122441Z,55002.07,55002.56,20550.57292,38.58756825
159301800,55001.43,0.00121227,2021-04-22T12:07:08.621702Z,55001.42,55001.43,20560.72078,43.98396007
159302003,54898.82,0.01071235,2021-04-22T12:07:38.892526Z,54898.81,54898.82,20608.94905,72.93388749
159302168,54923.03,0.00034053,2021-04-22T12:08:08.907077Z,54923.02,54923.03,20608.94905,55.91144591
159302303,54936.61,0.00294016,2021-04-22T12:08:38.692487Z,54930.09,54936.69,20618.366,42.38221164
159302449,54933.96,0.00009056,2021-04-22T12:09:08.893929Z,54928.76,54933.17,20618.366,34.05239316
159302618,54942.03,0.00534986,2021-04-22T12:09:39.0675Z,54941.43,54946.72,20627.16045,15.33953975
159302757,54964.35,0.05403574,2021-04-22T12:10:09.00942Z,54959.37,54961.86,20634.91382,13.66014582
159302889,55005.21,0.00139253,2021-04-22T12:10:36.834406Z,55005.2,55005.21,20634.91382,26.63572067
159303014,54972.36,0.00211738,2021-04-22T12:11:08.857676Z,54969.36,54969.37,20642.81041,25.10969963
159303159,54889.46,0.0024661,2021-04-22T12:11:38.764526Z,54894.66,54896.32,20642.81041,38.40063301
159303304,54900.72,0.00535748,2021-04-22T12:12:10.851172Z,54900.71,54900.72,20645.85651,44.23474697
159303396,54902.7,0.01172414,2021-04-22T12:12:38.960892Z,54902.7,54902.71,20651.04594,46.07249331
159303507,54889.4,0.00575089,2021-04-22T12:13:10.442044Z,54888.27,54889.4,20651.04594,31.20936936
159303714,54794.66,0.00033611,2021-04-22T12:13:39.09275Z,54794.65,54794.66,20655.65187,40.74069925
159303828,54849.85,0.00535021,2021-04-22T12:14:10.710506Z,54849.84,54849.85,20655.65187,41.08381851
159303936,54826.29,0.00357279,2021-04-22T12:14:40.632459Z,54826.28,54826.29,20666.3475,39.80218637
159304081,54811.6,0.00185151,2021-04-22T12:15:10.618792Z,54806.19,54806.2,20668.81907,32.95018725
159304191,54765.54,0.00045703,2021-04-22T12:15:40.840909Z,54765.54,54765.55,20668.81907,28.52053674
159304297,54794.82,0.00016366,2021-04-22T12:16:10.507753Z,54792.86,54798.26,20673.61104,28.50385447
159304395,54835.46,0.00513592,2021-04-22T12:16:40.697629Z,54835.46,54835.47,20673.61104,24.77977756
159304525,54854.84,0.00063068,2021-04-22T12:17:11.165726Z,54854.83,54854.84,20677.38981,31.1077472
159304610,54874.74,0.00435898,2021-04-22T12:17:39.955294Z,54879.76,54879.77,20679.51996,39.79999196
159304732,54905.12,0.0003356,2021-04-22T12:18:11.060149Z,54905.11,54905.12,20679.51996,37.10814336
159304892,54974.49,0.00706,2021-04-22T12:18:40.112119Z,54974.49,54974.5,20683.82091,48.59044103
159305010,54977.59,0.04559494,2021-04-22T12:19:09.063128Z,54974.99,54975,20683.82091,50.53023277
159305242,55035.43,0.07470953,2021-04-22T12:19:40.785977Z,55035.43,55035.44,20691.75523,57.05644875
159305391,55050.98,0.00068718,2021-04-22T12:20:10.603443Z,55050.97,55050.98,20704.14684,51.71742739
159305524,54990.01,0.00012616,2021-04-22T12:20:40.979851Z,54990,54990.01,20704.14684,31.44698268
159305706,55032.88,0.00704,2021-04-22T12:21:10.650692Z,55032.88,55032.89,20713.60961,28.3808861
159305892,55037.96,0.0006156,2021-04-22T12:21:40.801531Z,55037.95,55037.96,20713.60961,20.68332603
159306035,55079.35,0.01748407,2021-04-22T12:22:10.230319Z,55077.92,55077.93,20743.37951,29.00786279
159306142,54982.39,0.04497584,2021-04-22T12:22:40.512404Z,54989.52,54996.83,20748.79187,35.27812092
159306288,54996.66,0.00417206,2021-04-22T12:23:12.384236Z,54995.59,54996.66,20748.79187,34.05627895
159306388,54951.21,0.04457666,2021-04-22T12:23:42.8773Z,54951.2,54951.21,20753.19381,44.69124057
159306522,55003.37,0.00042543,2021-04-22T12:24:12.902017Z,54999.45,55003.15,20753.19381,42.36936421
159306642,55023.35,0.07293116,2021-04-22T12:24:42.858454Z,55020.58,55020.59,20756.96987,24.03400557
159306755,55025,0.00021986,2021-04-22T12:25:12.742114Z,55025,55025.01,20760.67145,26.73262231
159306889,55000.01,0.0022074,2021-04-22T12:25:42.170735Z,55000,55000.01,20760.67145,26.68450816
159306990,54995.8,0.00175476,2021-04-22T12:26:12.807149Z,54995.79,54995.8,20768.70759,12.2261958
159307075,54988.95,0.00191409,2021-04-22T12:26:42.696328Z,54988.94,54988.95,20768.70759,14.7696356
159307167,54948.47,0.00016312,2021-04-22T12:27:12.88869Z,54942.48,54946.12,20774.26923,24.78361119
159307260,54902.01,0.00054588,2021-04-22T12:27:42.76151Z,54902,54902.01,20780.68393,37.33082394
159307371,54918.81,0.00175872,2021-04-22T12:28:11.509227Z,54918.8,54918.81,20780.68393,37.12054762
159307484,54896.19,0.0001634,2021-04-22T12:28:42.465998Z,54896.18,54896.19,20783.64465,34.24643257
159307632,54960.98,0.00184854,2021-04-22T12:29:12.608533Z,54960.98,54960.99,20783.64465,25.46309989
159307751,54949.35,0.00713684,2021-04-22T12:29:42.752592Z,54949.34,54950.28,20787.49889,25.62522226
159307844,54966.46,0.00017777,2021-04-22T12:30:12.335071Z,54961.89,54967.27,20793.06788,26.76776374
159307963,54985.99,0.00080064,2021-04-22T12:30:42.580175Z,54994.87,54994.88,20793.06788,30.2212459
159308092,54991.38,0.00098457,2021-04-22T12:31:12.851642Z,54991.37,54991.38,20796.68824,15.68207817
159308253,55004.88,0.00824325,2021-04-22T12:31:44.753868Z,55003.34,55008.87,20796.68824,19.52639382
159308365,54991.39,0.00024434,2021-04-22T12:32:14.738829Z,54991.38,54991.39,20805.39827,12.45681018
159308474,55024.26,0.0006138,2021-04-22T12:32:44.933771Z,55024.26,55032.9,20812.84241,13.82893054
159308619,55030.95,0.00752635,2021-04-22T12:33:13.666397Z,55027.12,55030.48,20812.84241,16.43961726
159308773,55078.57,1.15105913,2021-04-22T12:33:42.42501Z,55068.79,55074.95,20819.24458,29.78268288
159309095,55222,0.06029042,2021-04-22T12:34:12.389504Z,55221.99,55222,20819.24458,81.20643487
159309772,55395.02,0.31134741,2021-04-22T12:34:44.994705Z,55392.4,55399.97,20828.24521,141.636413
159310194,55464.39,0.06,2021-04-22T12:35:14.911081Z,55448.61,55462.1,20888.90608,169.9712722
159310406,55382.06,0.00269498,2021-04-22T12:35:44.679945Z,55382.05,55382.06,20888.90608,139.6771196
159310550,55300.38,0.005,2021-04-22T12:36:14.564912Z,55300,55300.01,20924.06907,83.60322482
159310829,55395.21,0.00443114,2021-04-22T12:36:44.651902Z,55400.43,55400.44,20924.06907,52.24464734
159311060,55466.55,0.0001617,2021-04-22T12:37:14.713182Z,55466.54,55466.55,20936.61834,61.36635736
159311226,55364.51,0.28704822,2021-04-22T12:37:42.578547Z,55347.59,55363.77,20947.83422,53.46139145
159311392,55378.33,0.00531127,2021-04-22T12:38:15.078459Z,55378.32,55378.33,20947.83422,53.47777093
159311502,55404.89,0.08881181,2021-04-22T12:38:44.563084Z,55411.05,55411.06,20956.50192,35.17634341
159311640,55352.55,0.00305408,2021-04-22T12:39:14.830558Z,55352.54,55355.22,20956.50192,40.52997981
159311820,55358.14,0.00016196,2021-04-22T12:39:44.96125Z,55358.13,55358.14,20962.31013,18.69665167
159311992,55330,0.00809468,2021-04-22T12:40:14.680282Z,55330,55330.01,20969.48265,25.2813191
159312193,55291.93,0.00027101,2021-04-22T12:40:44.895269Z,55291.92,55291.93,20969.48265,36.95023431
159312373,55245.38,0.03450479,2021-04-22T12:41:14.953631Z,55239.57,55241.21,20996.98718,42.12702553
159312582,55186.29,0.00887559,2021-04-22T12:41:44.895138Z,55182.21,55190.9,20996.98718,61.15672895
159312813,55234.61,0.00528404,2021-04-22T12:42:14.947054Z,55234.6,55234.61,21010.60734,49.36250536
159313062,55112.59,0.02548387,2021-04-22T12:42:44.656835Z,55112.59,55112.6,21020.37375,60.88393154
159313188,55130,0.00016267,2021-04-22T12:43:14.064819Z,55129.99,55130,21020.37375,53.52519653
159313391,55188.5,0.0037349,2021-04-22T12:43:44.62972Z,55182.71,55189.92,21049.03199,43.99359562
159313515,55152.37,0.00154843,2021-04-22T12:44:14.203857Z,55146.78,55150.93,21049.03199,43.63375326
159313659,55136.36,0.00010859,2021-04-22T12:44:44.908993Z,55131.98,55136.36,21054.68381,25.65641486
159313897,55279.23,0.0003333,2021-04-22T12:45:14.799922Z,55275.26,55279.27,21059.55971,54.86354542
159314048,55239.51,0.00532207,2021-04-22T12:45:42.555681Z,55235.57,55235.58,21059.55971,53.45297245
159314209,55198.51,0.04513418,2021-04-22T12:46:14.793101Z,55198.5,55198.51,21069.38446,53.20181861
159314336,55112.59,0.00364717,2021-04-22T12:46:44.410164Z,55112.59,55112.6,21069.38446,62.13328061
159314443,55090.69,0.05266429,2021-04-22T12:47:13.884037Z,55090.68,55090.69,21077.2701,72.3418843
159314575,55087.88,0.00029861,2021-04-22T12:47:45.047094Z,55087.87,55087.88,21080.5978,61.73272118
159314708,55024.15,0.0267025,2021-04-22T12:48:14.866494Z,55024.14,55024.15,21080.5978,56.2340159
159314914,55010.01,0.00445399,2021-04-22T12:48:44.149725Z,55010,55010.01,21085.96432,40.35066472
159315107,55036.58,0.00258983,2021-04-22T12:49:14.363527Z,55045.09,55045.1,21085.96432,33.2806078
159315291,55090.38,0.0009881,2021-04-22T12:49:43.808167Z,55082.37,55084.95,21093.87371,33.20469183
159315417,55083.87,0.80458,2021-04-22T12:50:14.494433Z,55083.87,55083.88,21108.37097,32.31167058
159315658,55031.71,0.00856911,2021-04-22T12:50:43.950628Z,55031.71,55031.72,21108.37097,31.27376344
159315866,55154.11,0.00873952,2021-04-22T12:51:14.497905Z,55154.1,55154.11,21129.05095,44.33957465
159316039,55074.2,0.00042461,2021-04-22T12:51:44.646491Z,55074.19,55074.2,21129.05095,39.35909277
159316220,55102.46,0.008417,2021-04-22T12:52:14.889Z,55097.66,55097.67,21138.28,39.86883544
159316338,55106.42,0.00782669,2021-04-22T12:52:44.618641Z,55100.38,55100.39,21144.5194,40.27625156
159316444,55102.58,0.00091199,2021-04-22T12:53:14.889566Z,55102.58,55102.59,21144.5194,25.81133828
159316587,55147.75,0.02904095,2021-04-22T12:53:44.881463Z,55141.88,55141.89,21148.42722,23.56430045
159316734,55111.26,0.00010394,2021-04-22T12:54:14.227419Z,55111.26,55111.27,21148.42722,17.13225215
159316957,55159.81,0.00072404,2021-04-22T12:54:44.51041Z,55154.96,55159.81,21152.03305,23.51326655
159317095,55144.01,0.00023782,2021-04-22T12:55:15.101385Z,55144.01,55148.09,21163.47328,22.16090738
159317226,55183.86,0.00693595,2021-04-22T12:55:44.853047Z,55181.48,55183.86,21163.47328,23.58929706
159317406,55155.2,0.00174927,2021-04-22T12:56:15.119154Z,55155.19,55155.2,21166.61781,23.67705843
159317549,55131.42,0.00178618,2021-04-22T12:56:44.890347Z,55131.42,55131.43,21166.61781,17.50870754
159317678,55122.36,0.00086681,2021-04-22T12:57:15.087678Z,55117.72,55122.68,21176.45519,21.3729792
159317825,55159.23,0.51816,2021-04-22T12:57:44.674961Z,55158.05,55158.07,21182.26027,21.75803998
159317970,55165.39,0.0077873,2021-04-22T12:58:13.625095Z,55165.38,55171.39,21182.26027,16.75994629
159318091,55125.41,0.00174946,2021-04-22T12:58:44.425062Z,55121.86,55121.87,21188.17823,17.93987669
159318241,55067.1,0.00175169,2021-04-22T12:59:14.364428Z,55067.09,55067.1,21188.17823,34.98742825
159318381,55047.18,0.00906679,2021-04-22T12:59:44.078955Z,55047.17,55047.18,21195.25045,47.90599186
159318561,55085.76,0.00519633,2021-04-22T13:00:16.771922Z,55085.75,55085.76,21200.84187,42.37895487
159318705,55162.44,0.00972592,2021-04-22T13:00:46.889682Z,55160.32,55162.45,21200.84187,41.44932154
159318932,55189.21,0.0171,2021-04-22T13:01:16.673138Z,55185.09,55185.1,20616.05513,55.49404739
159319070,55150.66,0.00229338,2021-04-22T13:01:46.793001Z,55139.23,55148.9,20616.05513,52.45537303
159319230,55104.51,0.04107334,2021-04-22T13:02:15.645902Z,55103.38,55109.07,20629.7154,38.02451767
159319438,55027.08,0.18266024,2021-04-22T13:02:45.688655Z,55027.08,55027.09,20635.5091,56.87783012
159319688,54958.78,0.00523189,2021-04-22T13:03:15.733822Z,54958.78,54965.09,20635.5091,83.46534979
159320012,54911.82,0.00011198,2021-04-22T13:03:45.667665Z,54911.82,54911.83,20656.77453,88.49438219
159320182,54960.14,0.00012994,2021-04-22T13:04:15.698529Z,54960.76,54960.77,20656.77453,66.98579121
159320295,54929.02,0.01978341,2021-04-22T13:04:45.342419Z,54929.02,54929.03,20673.14874,39.36412092
159320430,54901.92,0.02574464,2021-04-22T13:05:15.85037Z,54901.92,54901.93,20678.68072,23.78815974
159320581,54921.03,0.00193874,2021-04-22T13:05:44.297909Z,54921.02,54921.03,20678.68072,19.86409182
159320727,54947.41,0.00713662,2021-04-22T13:06:15.866301Z,54947.41,54947.42,20684.81859,20.31408043
159320867,54924.97,0.00086929,2021-04-22T13:06:45.790646Z,54924.96,54924.97,20684.81859,14.60638353
159320997,54967.36,0.00628819,2021-04-22T13:07:15.762125Z,54962.63,54962.64,20692.26289,22.63147666
159321186,54911.35,0.0039137,2021-04-22T13:07:45.754747Z,54911.35,54911.36,20697.66378,20.27117717
159321374,54948.75,0.00033527,2021-04-22T13:08:15.839385Z,54948.74,54948.75,20697.66378,19.63037686
159321518,54923.14,0.00124991,2021-04-22T13:08:45.737133Z,54923.13,54923.14,20706.82373,20.18291415
159321645,54891.86,0.00050764,2021-04-22T13:09:15.942201Z,54891.85,54891.86,20706.82373,26.77873589
159321777,54877.04,0.00175888,2021-04-22T13:09:44.993394Z,54859.5,54868.34,20711.41861,24.86181763
159321889,54890.01,0.0011917,2021-04-22T13:10:13.811487Z,54890,54890.01,20716.40664,26.13624074
159322103,54840.12,0.0018493,2021-04-22T13:10:46.202932Z,54840.11,54840.12,20716.40664,26.84322454
159322241,54858.88,0.00174469,2021-04-22T13:11:16.2552Z,54857.46,54857.47,20724.8404,19.65592266
159322374,54897.57,0.00036395,2021-04-22T13:11:45.797507Z,54897.56,54897.57,20724.8404,20.92574739
159322485,54907.36,0.16473613,2021-04-22T13:12:15.974054Z,54907.36,54907.37,20729.77251,25.24519233
159322616,54911.19,0.00598181,2021-04-22T13:12:46.109005Z,54911.19,54916.68,20734.4131,28.35784378
159322781,54951.79,0.0001633,2021-04-22T13:13:17.918419Z,54951.78,54951.79,20734.4131,29.71467072
159322958,54971.91,0.01581919,2021-04-22T13:13:47.337778Z,54972.27,54972.28,20739.11933,28.73540088
159323091,54963.1,0.00042577,2021-04-22T13:14:17.341947Z,54961.69,54961.7,20739.11933,26.76013228
159323205,54968.91,0.00181015,2021-04-22T13:14:46.965563Z,54967.42,54967.43,20743.00981,22.18803461
159323321,54947.19,0.00002457,2021-04-22T13:15:16.095436Z,54930.89,54943.39,20752.00814,9.598587383
159323480,54952.54,0.004171,2021-04-22T13:15:47.60618Z,54951.37,54951.38,20752.00814,9.464981762
159323635,54924.68,0.01785006,2021-04-22T13:16:17.547377Z,54924.67,54924.68,20756.21233,15.33887166
159323773,54930.29,0.00174094,2021-04-22T13:16:47.040168Z,54934.39,54934.4,20756.21233,15.88858634
159323874,54960,0.01395633,2021-04-22T13:17:18.210459Z,54959.99,54960,20764.86258,13.37696676
159324024,55031.55,0.00030064,2021-04-22T13:17:47.641537Z,55031.55,55031.56,20770.95528,38.22319683
159324184,55036.91,0.02846085,2021-04-22T13:18:17.71363Z,55030.17,55035.73,20770.95528,48.52344612
159324366,54967.01,0.08320998,2021-04-22T13:18:48.120422Z,54971.13,54971.14,20778.83632,41.96012221
159324497,54981.04,0.00033484,2021-04-22T13:19:17.683534Z,54978.81,54989.34,20778.83632,32.54294479
159324656,55049.32,0.00016294,2021-04-22T13:19:47.816539Z,55046.98,55049.32,20785.48523,32.7759574
159324765,55019.01,0.0002131,2021-04-22T13:20:17.859345Z,55019.01,55019.02,20788.98818,31.73656402
159324863,55050,0.00086815,2021-04-22T13:20:47.566431Z,55049.99,55050,20788.98818,34.23566362
159324968,55097.12,0.01431259,2021-04-22T13:21:16.195223Z,55097.91,55097.92,20790.85101,38.37695788
159325089,55156.01,0.00024382,2021-04-22T13:21:47.928255Z,55156,55156.01,20790.85101,47.89311157
159325235,55135.14,0.0032928,2021-04-22T13:22:17.365859Z,55135.13,55135.14,20795.93566,51.13631688
159325403,55123.6,0.00520606,2021-04-22T13:22:47.781892Z,55123.59,55123.6,20801.15584,36.52838545
159325520,55153.81,0.00444673,2021-04-22T13:23:17.71792Z,55153.8,55153.81,20801.15584,21.64595906
159325682,55193.75,0.00072847,2021-04-22T13:23:48.159581Z,55193.76,55201.05,20807.24974,23.88376469
159325788,55178.75,0.00070438,2021-04-22T13:24:16.746397Z,55179.41,55179.42,20807.24974,26.18098623
159325931,55116.12,0.00554626,2021-04-22T13:24:47.48787Z,55115.18,55119.86,20810.60432,30.16144333
159326085,55100,0.00086624,2021-04-22T13:25:17.757069Z,55099.99,55100,20815.14903,35.75341807
159326237,55185.07,0.01793121,2021-04-22T13:25:47.670153Z,55185.07,55185.08,20815.14903,38.74568641
159326443,55162.93,0.0059,2021-04-22T13:26:17.824221Z,55152.96,55158.85,20824.68961,34.23839751
159326630,55155.91,0.01066438,2021-04-22T13:26:47.812794Z,55147.67,55154.91,20824.68961,31.30569315
159326772,55151.38,0.01778469,2021-04-22T13:27:18.13193Z,55151.37,55151.38,20849.46288,28.02971808
159326855,55139.74,0.00033406,2021-04-22T13:27:47.723916Z,55139.73,55139.74,20855.01031,15.05755437
159327081,55194.94,0.01774592,2021-04-22T13:28:17.674668Z,55194.93,55194.94,20855.01031,18.58002475
159327291,55224.7,0.000904,2021-04-22T13:28:47.573625Z,55224.7,55224.71,20883.82725,31.68411564
159327468,55226.91,0.00028052,2021-04-22T13:29:18.153339Z,55226.9,55226.91,20898.43953,36.27122253
159327667,55239.62,0.00174804,2021-04-22T13:29:48.197835Z,55239.61,55239.62,20898.43953,35.85132655
159327934,55245.37,0.01041199,2021-04-22T13:30:17.739725Z,55246.7,55255.3,20908.6606,17.47837909
159328148,55222.72,0.00247687,2021-04-22T13:30:47.969726Z,55222.72,55223.15,20908.6606,8.967110109
159328315,55231.48,0.00090077,2021-04-22T13:31:17.854315Z,55231.47,55231.48,20923.24125,8.266513153
159328452,55186.11,0.17279918,2021-04-22T13:31:48.128668Z,55186.1,55186.11,20923.24125,20.92024951
159328610,55151.81,0.44419025,2021-04-22T13:32:17.056174Z,55151.8,55151.81,20927.36352,34.05799136
159328755,55142.64,0.04288333,2021-04-22T13:32:47.333245Z,55131.85,55131.86,20938.15222,35.94805997
159328867,55120.46,0.00033407,2021-04-22T13:33:17.75711Z,55120.45,55120.46,20938.15222,38.76010784
159329066,55166.09,0.00444671,2021-04-22T13:33:47.401288Z,55166.56,55166.57,20945.49759,22.06502698
159329227,55221.87,0.0008658,2021-04-22T13:34:17.635877Z,55221.86,55221.87,20945.49759,34.0446616
159329385,55201.78,0.00355568,2021-04-22T13:34:46.088235Z,55201.77,55201.78,20952.90387,37.19387444
159329523,55200.57,0.0088806,2021-04-22T13:35:17.198075Z,55200.56,55200.57,20956.16028,35.68162361
159329890,55218.86,0.0062611,2021-04-22T13:35:47.817753Z,55218.86,55218.87,20956.16028,19.85225488
159330019,55237.31,0.00038745,2021-04-22T13:36:19.370973Z,55237.3,55237.31,20994.36635,13.68952504
159330136,55235.48,0.0088741,2021-04-22T13:36:47.883536Z,55235.47,55235.48,20994.36635,15.76616249
159330281,55218.4,0.00672155,2021-04-22T13:37:18.307323Z,55218.39,55218.4,21002.16479,13.40219474
159330388,55184.85,0.00016246,2021-04-22T13:37:49.737714Z,55184.84,55184.85,21006.61335,18.83319728
159330477,55160,0.00377654,2021-04-22T13:38:19.747492Z,55160,55160.01,21006.61335,30.19659808
159330609,55127.7,0.05332221,2021-04-22T13:38:49.489049Z,55127.69,55128.96,21009.07681,38.91450608
159330746,55088.41,0.00355807,2021-04-22T13:39:19.822133Z,55088.4,55088.41,21013.30368,44.96954231
159330901,55113.23,0.00347319,2021-04-22T13:39:47.674885Z,55110.6,55113.23,21013.30368,34.08149726
159331044,55038.45,0.00138835,2021-04-22T13:40:18.554981Z,55038.44,55038.45,21018.17265,40.7690978
159331300,54932.86,0.0003,2021-04-22T13:40:48.481314Z,54932.86,54932.87,21018.17265,70.50212564
159331539,54814.08,0.0021803,2021-04-22T13:41:19.944682Z,54814.07,54814.08,21027.18494,110.5948872
159331794,54780.19,0.00118457,2021-04-22T13:41:50.069679Z,54782.34,54791.73,21042.99465,127.3242273
159331993,54863.95,0.00016355,2021-04-22T13:42:19.930667Z,54854.02,54862.68,21042.99465,91.96875874
159332144,54778.56,0.00357959,2021-04-22T13:42:49.906929Z,54778.55,54778.56,21054.84404,58.37155519
159332315,54832.48,0.00508327,2021-04-22T13:43:19.605786Z,54834.47,54834.48,21054.84404,32.35898478
159332516,54714.86,0.37157267,2021-04-22T13:43:50.013151Z,54738.47,54738.48,21065.76659,51.11939334
159332724,54750.22,0.00033637,2021-04-22T13:44:19.956801Z,54750.21,54750.22,21079.36021,54.06065763
159332895,54731.14,0.39514235,2021-04-22T13:44:49.842092Z,54726.02,54737.34,21079.36021,41.36048858
159333094,54797.6,0.00027504,2021-04-22T13:45:19.761698Z,54797.59,54797.6,21085.11655,43.57737945
159333296,54810.57,0.00236101,2021-04-22T13:45:49.889122Z,54818.02,54820.53,21085.11655,37.23814732
159333442,54802.01,0.00042655,2021-04-22T13:46:18.977097Z,54803.46,54803.47,21102.53819,31.58657525
159333575,54818.77,0.00417701,2021-04-22T13:46:49.976611Z,54818.77,54822.08,21118.27089,31.29528999
159333693,54790.01,0.0203,2021-04-22T13:47:18.64661Z,54783.62,54787.14,21118.27089,10.01740165
159333809,54809.38,0.02683263,2021-04-22T13:47:49.846261Z,54809.37,54809.38,21122.38282,9.663052095
159333901,54802.26,0.00174569,2021-04-22T13:48:17.241762Z,54807.66,54807.67,21122.38282,9.472318818
159334054,54796.3,0.00033611,2021-04-22T13:48:49.642244Z,54789.87,54795.78,21125.07136,10.02978882
159334201,54830.91,0.00117,2021-04-22T13:49:18.074563Z,54830.91,54830.92,21132.32285,14.10978582
159334353,54842.14,0.00115502,2021-04-22T13:49:49.879342Z,54842.41,54842.42,21132.32285,17.47062494
159334495,54893.13,0.00050803,2021-04-22T13:50:19.947159Z,54893.12,54893.13,21139.62809,34.62758634
159334681,54802.25,0.18643864,2021-04-22T13:50:47.836743Z,54802.24,54802.25,21139.62809,34.62935899
159334997,54644.57,1.00184451,2021-04-22T13:51:21.01833Z,54644.56,54644.57,21147.20368,84.30201895
159335284,54564.18,0.00122385,2021-04-22T13:51:48.470671Z,54564.17,54564.18,21147.20368,124.3766969
159335622,54585.87,0.00622154,2021-04-22T13:52:20.920347Z,54585.86,54585.87,21167.86466,128.2805313
159335844,54623,0.01244556,2021-04-22T13:52:51.170915Z,54622.99,54623,21203.60872,83.94606997
159336026,54679.22,0.00025177,2021-04-22T13:53:20.174736Z,54674.14,54679.2,21203.60872,40.98396145
159336233,54554.52,0.02516169,2021-04-22T13:53:51.048261Z,54554.51,54556.7,21223.97953,45.49010283
159336513,54533.87,0.00263333,2021-04-22T13:54:20.47935Z,54530.39,54530.4,21240.32262,51.64384672
159336690,54500.58,0.00315491,2021-04-22T13:54:50.699082Z,54500.58,54500.59,21240.32262,64.44040484
159336909,54537.14,0.00062111,2021-04-22T13:55:19.961925Z,54537.14,54537.15,21250.0893,61.60170439
159337021,54556.7,0.00010592,2021-04-22T13:55:50.849803Z,54556.69,54556.7,21250.0893,20.15100037
159337145,54586.12,0.0017878,2021-04-22T13:56:20.73443Z,54585.77,54585.78,21260.42585,28.15708678
159337363,54613.61,0.00175739,2021-04-22T13:56:50.952953Z,54612.78,54612.79,21274.13622,39.02216806
159337469,54630.22,0.00087482,2021-04-22T13:57:20.911991Z,54630.21,54630.22,21274.13622,34.51321973
159337617,54616.65,0.00358979,2021-04-22T13:57:50.852658Z,54614.5,54616.65,21281.15785,26.23383083
159337807,54541.2,0.00615662,2021-04-22T13:58:20.829255Z,54539.29,54539.3,21281.15785,31.61021797
159338083,54451.34,0.00087689,2021-04-22T13:58:50.537599Z,54451.33,54451.34,21287.01855,67.2492595
159338287,54502.25,0.00210431,2021-04-22T13:59:20.751948Z,54502.25,54502.26,21306.77061,67.75670871
159338570,54445.65,0.00087645,2021-04-22T13:59:50.870633Z,54445.64,54445.65,21306.77061,63.2132731
159338749,54520.09,0.01800611,2021-04-22T14:00:20.83697Z,54515.8,54520.32,21326.7056,37.72599242
159339043,54436.22,0.00017386,2021-04-22T14:00:50.670804Z,54436.21,54436.22,21326.7056,33.54136729
159339208,54472.47,0.00091332,2021-04-22T14:01:21.134661Z,54472.46,54472.47,20412.45353,32.08369654
159339377,54550,0.00210373,2021-04-22T14:01:51.168976Z,54549.99,54550,20424.48307,43.68330326
159339713,54472.99,0.0216854,2021-04-22T14:02:20.433733Z,54457.87,54457.88,20424.48307,39.98427421
159339932,54539.29,0.000179,2021-04-22T14:02:50.783294Z,54536.88,54543.61,20476.28908,43.42921901
159340114,54568.75,0.02503754,2021-04-22T14:03:20.052353Z,54568.74,54568.75,20476.28908,40.28711357
159340266,54604.55,0.00137959,2021-04-22T14:03:49.549164Z,54604.54,54604.55,20489.11851,43.19935629
159340446,54622.36,0.56056121,2021-04-22T14:04:20.781965Z,54618.7,54621.23,20495.9343,52.7959659
159340589,54568.75,0.06718642,2021-04-22T14:04:51.033655Z,54568.74,54568.75,20495.9343,29.34199448
159340716,54643.36,0.00091047,2021-04-22T14:05:20.939644Z,54638.75,54643.35,20502.68705,29.46798982
159340831,54630.89,0.00154081,2021-04-22T14:05:50.240612Z,54630.88,54630.89,20502.68705,25.89994085
159341005,54625.84,0.00176776,2021-04-22T14:06:20.953262Z,54624.17,54625.84,20507.70931,25.74890832
159341164,54582.97,0.00016425,2021-04-22T14:06:50.797795Z,54581.46,54583.28,20517.36095,29.09197649
159341280,54575.19,0.0001643,2021-04-22T14:07:20.866374Z,54575.18,54575.51,20517.36095,27.30908933
159341431,54551.16,0.00071068,2021-04-22T14:07:48.386595Z,54544.01,54549.56,20528.63225,30.60156793
159341548,54572.71,0.00042869,2021-04-22T14:08:20.648288Z,54572.7,54572.71,20528.63225,24.51842132
159341688,54611.38,0.008979,2021-04-22T14:08:49.906671Z,54611.37,54611.38,20535.22914,19.45695495
159341873,54647.79,0.0012395,2021-04-22T14:09:20.570509Z,54641.24,54647.79,20543.51811,34.08831976
159342038,54651.08,0.00033704,2021-04-22T14:09:50.683814Z,54646.51,54651.3,20543.51811,39.79901938
159342213,54661.74,0.00717117,2021-04-22T14:10:19.775502Z,54656.98,54666.21,20567.97895,32.83750477
159342371,54649.08,0.00087401,2021-04-22T14:10:52.636608Z,54649.07,54649.08,20567.97895,17.13966113
159342513,54651.11,0.00717676,2021-04-22T14:11:22.125857Z,54651.11,54651.12,20577.12268,4.952344881
159342754,54757.87,0.01924182,2021-04-22T14:11:52.143568Z,54757.86,54757.87,20584.65341,42.08233482
159342895,54763.84,0.00999936,2021-04-22T14:12:22.679709Z,54763.83,54763.84,20584.65341,52.56968457
159343014,54741.39,0.00614527,2021-04-22T14:12:52.706629Z,54741.5,54741.51,20614.52796,51.61311515
159343140,54795.21,0.00676177,2021-04-22T14:13:22.260894Z,54787.76,54795.21,20614.52796,48.62395196
159343331,54717.6,0.0021,2021-04-22T14:13:52.763877Z,54704.37,54713.79,20632.38708,25.64001981
159343490,54702.89,0.00176374,2021-04-22T14:14:22.01358Z,54702.88,54702.89,20651.89627,32.89291996
159343620,54683.25,0.00182007,2021-04-22T14:14:52.42937Z,54683.24,54683.25,20651.89627,38.56860817
159343816,54608.51,0.01794235,2021-04-22T14:15:21.349261Z,54608.5,54608.51,20659.83837,60.03816866
159343986,54641.24,0.00876105,2021-04-22T14:15:52.26052Z,54639.58,54645.62,20659.83837,40.32070505
159344160,54621.34,0.01794863,2021-04-22T14:16:20.587765Z,54621.28,54624.81,20668.5499,36.08881633
159344358,54593.07,0.32422305,2021-04-22T14:16:52.790984Z,54591.52,54608.46,20673.01991,31.18076035
159344544,54582.93,0.00718458,2021-04-22T14:17:22.683275Z,54582.91,54586.44,20673.01991,20.61295456
159344663,54615.04,0.00042862,2021-04-22T14:17:52.790223Z,54616.09,54618.92,20681.18947,20.7206357
159344786,54607.09,0.00538879,2021-04-22T14:18:23.138452Z,54607.09,54607.1,20681.18947,14.1099888
159344918,54690.45,0.0011,2021-04-22T14:18:50.6412Z,54690.45,54690.46,20685.06142,38.02051741
159345089,54694.18,0.0053791,2021-04-22T14:19:22.932564Z,54694.17,54694.18,20690.09821,45.65625977
159345260,54806.03,0.00007788,2021-04-22T14:19:52.885408Z,54808.05,54808.06,20690.09821,71.68931396
159345537,54788.04,0.00715084,2021-04-22T14:20:22.921243Z,54788.03,54788.04,20698.29349,72.49656637
159345701,54716.99,0.0017481,2021-04-22T14:20:53.071286Z,54716.98,54716.99,20698.29349,48.47313128
159345863,54695,0.01560491,2021-04-22T14:21:22.275438Z,54694.99,54695,20722.53793,47.58513104
159346033,54659.17,0.0008,2021-04-22T14:21:52.668368Z,54659.16,54659.17,20735.10332,55.70271254
159346185,54684.95,0.00176488,2021-04-22T14:22:22.64042Z,54679.51,54685.46,20735.10332,43.74573945
159346297,54678.1,0.00107137,2021-04-22T14:22:52.526519Z,54678.09,54678.1,20742.01009,19.0850553
159346408,54678.1,0.00358549,2021-04-22T14:23:22.947244Z,54678.09,54678.1,20742.01009,11.71521164
159346537,54675.34,0.00714525,2021-04-22T14:23:52.653907Z,54675.35,54675.36,20744.69782,8.588828547
159346782,54616.81,0.00888982,2021-04-22T14:24:22.704086Z,54616.8,54622.35,20749.14508,25.12622614
159346932,54620.39,0.009,2021-04-22T14:24:50.252477Z,54620.38,54620.39,20749.14508,28.73821943
159347143,54603.41,0.0089692,2021-04-22T14:25:22.803948Z,54603.4,54603.41,20760.8358,31.47888625
159347401,54529.51,0.00042904,2021-04-22T14:25:52.805926Z,54529.5,54529.51,20760.8358,46.77946062
159347651,54532.54,0.0296,2021-04-22T14:26:23.027469Z,54532.54,54532.55,20769.18787,40.82801215
159347815,54515.01,0.00458103,2021-04-22T14:26:52.729755Z,54515,54515.01,20781.96064,42.98610026
159348068,54477.29,0.00487673,2021-04-22T14:27:23.390889Z,54477.28,54477.29,20781.96064,40.95539154
159348223,54604.59,0.00102919,2021-04-22T14:27:52.245333Z,54604.58,54604.59,20795.1044,41.37008407
159348394,54640,0.36609015,2021-04-22T14:28:22.461111Z,54641.84,54641.85,20795.1044,59.70001494
159348586,54652.67,0.00090729,2021-04-22T14:28:52.902266Z,54652.67,54655.76,20803.04563,69.62304572
159348688,54638.49,0.00020962,2021-04-22T14:29:22.642372Z,54638.48,54638.49,20816.23135,64.65355811
159348915,54566.19,0.00219187,2021-04-22T14:29:52.246307Z,54566.18,54566.19,20816.23135,31.43704973
159349126,54691.9,0.00897278,2021-04-22T14:30:24.374425Z,54674.11,54678.47,20825.45684,40.69698416
159349315,54683.42,0.00042018,2021-04-22T14:30:54.028711Z,54684.8,54684.81,20825.45684,44.66803268
159349475,54645.69,0.01704076,2021-04-22T14:31:24.835842Z,54645.68,54645.69,20838.69496,44.56340086
159349576,54671.61,0.0011,2021-04-22T14:31:52.526671Z,54671.6,54671.61,20844.58909,45.53387196
159349719,54667.98,0.00027345,2021-04-22T14:32:24.197128Z,54667.97,54667.98,20844.58909,15.71548917
159349870,54684.91,0.59499657,2021-04-22T14:32:54.870794Z,54684.9,54684.91,20855.33082,14.12406938
159350021,54671.66,0.00165712,2021-04-22T14:33:24.391262Z,54671.65,54671.66,20855.33082,12.72342563
159350139,54668.6,0.00175011,2021-04-22T14:33:54.935729Z,54669.13,54675.01,20864.3269,6.166436233
159350301,54662.24,0.00358839,2021-04-22T14:34:24.693116Z,54662.23,54662.24,20870.08939,7.556603458
159350474,54606.12,0.01822185,2021-04-22T14:34:54.138279Z,54606.11,54606.12,20870.08939,27.3134528
159350569,54654.03,0.00104967,2021-04-22T14:35:24.451842Z,54654.02,54654.03,20877.80248,23.97758953
159350733,54599.99,0.0173,2021-04-22T14:35:53.673025Z,54598.21,54598.22,20877.80248,29.12662328
159350900,54521.62,0.00913868,2021-04-22T14:36:24.946954Z,54521.61,54521.62,20882.49457,50.1731749
159351083,54542.49,0.00042893,2021-04-22T14:36:54.874045Z,54542.48,54542.51,20888.30037,47.45504694
159351211,54589.22,0.00219133,2021-04-22T14:37:24.84386Z,54585.06,54589.22,20888.30037,46.41006227
159351359,54605.73,0.1768221,2021-04-22T14:37:55.00654Z,54605.72,54605.73,20898.903,33.54544797
159351526,54682.07,0.01833152,2021-04-22T14:38:24.94634Z,54682.06,54682.07,20898.903,55.93248666
159351724,54709.52,0.00358335,2021-04-22T14:38:54.410261Z,54709.51,54709.52,20905.35524,61.41141347
159351892,54704.11,0.08400044,2021-04-22T14:39:24.172533Z,54704,54704.36,20911.98563,50.64101934
159352057,54681.7,0.00087351,2021-04-22T14:39:54.00065Z,54681.69,54681.7,20911.98563,37.19949171
159352173,54692.89,0.00072805,2021-04-22T14:40:22.687324Z,54690.28,54690.29,20925.65686,11.29524395
159352342,54715.93,0.003,2021-04-22T14:40:53.690019Z,54720.45,54720.46,20925.65686,12.19249769
159352482,54765,0.00030158,2021-04-22T14:41:24.751265Z,54764.99,54765,20930.37066,28.87889097
159352640,54727.94,0.00365383,2021-04-22T14:41:54.843678Z,54727.93,54727.94,20934.47456,29.16071425
159352819,54691.31,0.0017487,2021-04-22T14:42:24.722681Z,54691.3,54691.31,20934.47456,27.02987872
159352986,54647.12,0.00190827,2021-04-22T14:42:54.325659Z,54647.11,54647.12,20944.17519,39.20143109
159353153,54612.88,0.00876157,2021-04-22T14:43:24.825114Z,54612.87,54612.88,20944.17519,54.48988163
159353328,54583.93,0.00069281,2021-04-22T14:43:54.862982Z,54583.92,54583.93,20962.6889,51.95738815
159353489,54645.62,0.05284509,2021-04-22T14:44:24.170536Z,54645.61,54645.62,20972.73562,36.11389284
159353707,54671.4,0.12956698,2021-04-22T14:44:54.371293Z,54671.39,54671.4,20972.73562,30.47161827
159353885,54750,0.00016391,2021-04-22T14:45:25.086234Z,54749.99,54750,20989.31736,56.88941891
159354064,54697.98,0.00016378,2021-04-22T14:45:54.625186Z,54697.97,54697.98,20989.31736,55.11268587
159354302,54643.81,0.00016401,2021-04-22T14:46:24.842788Z,54643.8,54643.81,20996.29999,39.42947547
159354443,54646.15,0.02735358,2021-04-22T14:46:54.725595Z,54646.14,54646.15,21006.57977,39.33276466
159354602,54619.05,0.00267865,2021-04-22T14:47:24.564494Z,54619.04,54619.05,21006.57977,46.95476436
159354746,54684.27,0.01435466,2021-04-22T14:47:54.974555Z,54684.9,54684.91,21012.245,28.79957249
159354922,54697.29,0.00857367,2021-04-22T14:48:25.070342Z,54697.28,54701.15,21012.245,28.6099043
159355120,54746.06,0.00087331,2021-04-22T14:48:54.21156Z,54746.05,54746.06,21020.00657,43.66123021
159355341,54697.77,0.01281612,2021-04-22T14:49:27.211099Z,54689.65,54697.17,21034.99547,40.78429423
159355513,54735.84,0.00429919,2021-04-22T14:49:56.835792Z,54730.57,54736.4,21034.99547,24.14935411
159355710,54757.96,0.00024302,2021-04-22T14:50:26.306236Z,54757.95,54757.96,21041.81758,25.04805988
159355937,54775.82,0.01816392,2021-04-22T14:50:56.891824Z,54775.81,54775.82,21041.81758,26.1030864
159356109,54799.99,0.01,2021-04-22T14:51:26.87616Z,54799.99,54800,21051.53128,34.92019393
159356311,54811.38,0.00047722,2021-04-22T14:51:56.769245Z,54813.07,54820.05,21062.961,27.44218679
159356444,54852.86,0.00176218,2021-04-22T14:52:27.004023Z,54852.85,54852.86,21062.961,32.48053595
159356616,54829.39,0.00647555,2021-04-22T14:52:56.358248Z,54829.38,54829.39,21069.19511,26.10649681
159356787,54874.01,0.00045332,2021-04-22T14:53:27.138822Z,54870.41,54874.01,21069.19511,26.9998997
159357013,54868.56,0.00045355,2021-04-22T14:53:56.654274Z,54866.76,54867.58,21073.80575,23.69523918
159357174,54839.83,0.00016336,2021-04-22T14:54:26.653501Z,54839.82,54839.83,21083.66725,16.81909509
159357361,54817.93,0.00012905,2021-04-22T14:54:56.883303Z,54817.93,54817.94,21083.66725,21.88782273
159357549,54877.24,0.00266871,2021-04-22T14:55:26.90292Z,54877.23,54877.24,21091.25157,22.99071169
159357717,54831.66,0.0286186,2021-04-22T14:55:56.799382Z,54831.66,54834.96,21091.25157,22.41013574
159357866,54846.19,0.00067294,2021-04-22T14:56:26.522299Z,54846.18,54846.19,21100.03381,19.74223188
159358082,54797.5,0.00089004,2021-04-22T14:56:56.855643Z,54790.11,54797.5,21109.18001,26.88572156
159358261,54808.36,0.001035,2021-04-22T14:57:26.920209Z,54808.35,54808.36,21109.18001,28.27383384
159358455,54750.41,0.00097135,2021-04-22T14:57:56.596292Z,54751.45,54751.46,21124.0468,32.97982571
159358575,54767.3,0.001762,2021-04-22T14:58:26.272003Z,54767.29,54767.3,21124.0468,33.33233349
159358745,54767.75,0.00052683,2021-04-22T14:58:56.538267Z,54767.74,54767.75,21133.60701,21.36535382
159358841,54786.69,0.00536864,2021-04-22T14:59:27.163691Z,54786.68,54786.69,21140.97489,19.79896098
159358940,54793.14,0.00174644,2021-04-22T14:59:56.877341Z,54793.13,54793.14,21140.97489,15.25371744
159359158,54814.82,0.0168,2021-04-22T15:00:26.9066Z,54813.66,54829.01,21147.74948,17.69057715
159359331,54845.56,0.00069008,2021-04-22T15:00:56.611026Z,54845.55,54845.56,21147.74948,26.63438334
159359539,54825.17,0.86009513,2021-04-22T15:01:26.756687Z,54825.18,54833.09,20254.09739,21.43913113
159359740,54793.06,0.00685637,2021-04-22T15:01:57.036406Z,54793.06,54793.07,20268.93175,19.97240896
159359911,54787.49,0.00066422,2021-04-22T15:02:26.910557Z,54787.48,54787.49,20268.93175,21.2588645
159360081,54825.99,0.00036351,2021-04-22T15:02:56.633651Z,54825.98,54825.99,20285.16545,21.88723701
159360212,54834.27,0.00087134,2021-04-22T15:03:26.593211Z,54834.26,54834.27,20285.16545,19.06532727
159360306,54846.89,0.00087097,2021-04-22T15:03:56.386087Z,54846.88,54846.89,20293.86503,23.30232091
159360481,54849.99,0.01041,2021-04-22T15:04:26.533433Z,54849.99,54850,20303.74235,22.4522512
159360656,54831.33,0.00257479,2021-04-22T15:04:56.475823Z,54831.33,54831.34,20303.74235,9.219174789
159360836,54772.28,0.00024539,2021-04-22T15:05:26.952661Z,54772.27,54772.28,20312.7681,28.24896769
159361014,54718.96,0.0015201,2021-04-22T15:05:56.817267Z,54718.95,54718.96,20312.7681,50.87132905
159361178,54709.32,0.00174868,2021-04-22T15:06:27.2426Z,54709.31,54709.32,20319.32685,57.00674437
159361355,54756.89,0.00016384,2021-04-22T15:06:56.471147Z,54756.88,54756.89,20323.42824,43.53390798
159361532,54731.81,0.00235539,2021-04-22T15:07:26.317151Z,54731.8,54731.81,20323.42824,23.474331
159361726,54714.45,0.00174953,2021-04-22T15:07:58.730675Z,54714.44,54714.45,20338.0747,17.02190189
159361877,54703.59,0.00355964,2021-04-22T15:08:26.340878Z,54703.59,54703.6,20338.0747,19.30241684
159362029,54743.1,0.00118469,2021-04-22T15:08:58.270424Z,54744.56,54744.57,20346.42191,19.16895239
159362159,54712.82,0.46468406,2021-04-22T15:09:28.618512Z,54710.3,54711.38,20352.2304,14.26934139
159362283,54684.06,0.00087357,2021-04-22T15:09:58.947294Z,54683.64,54684.06,20352.2304,19.10221201
159362421,54687.98,0.0018361,2021-04-22T15:10:28.551388Z,54687.97,54687.98,20359.87098,21.1392242
159362616,54625.87,0.00072888,2021-04-22T15:10:58.815756Z,54625.86,54625.87,20366.03668,38.70258265
159362766,54624.82,0.01821561,2021-04-22T15:11:28.783926Z,54624.81,54625.82,20366.03668,35.50054985
159363016,54510.18,0.00341456,2021-04-22T15:11:58.785372Z,54510.17,54510.18,20376.18552,64.22845488
159363167,54514.87,0.00087596,2021-04-22T15:12:28.887307Z,54514.86,54514.87,20376.18552,69.39347422
159363556,54367.89,0.00115515,2021-04-22T15:12:58.764946Z,54362.77,54367.67,20386.22187,94.94753848
159363719,54441.01,0.003137,2021-04-22T15:13:28.555065Z,54441,54441.01,20409.03036,85.4373119
159363858,54445.5,0.00073136,2021-04-22T15:13:58.778169Z,54438.24,54444.89,20409.03036,53.85055431
159364051,54497.46,0.00731304,2021-04-22T15:14:29.073936Z,54497.46,54497.47,20418.99997,51.47370614
159364210,54498.61,0.00359782,2021-04-22T15:14:58.618419Z,54498.6,54498.61,20418.99997,47.87162358
159364405,54497.64,0.00087599,2021-04-22T15:15:28.634824Z,54497.63,54497.64,20431.29563,26.81258555
159364578,54487.13,0.00041686,2021-04-22T15:15:58.65187Z,54487.13,54487.14,20441.25282,20.32083207
159364774,54536.4,0.00069346,2021-04-22T15:16:28.600014Z,54536.39,54536.4,20441.25282,17.00062751
159364949,54518.33,0.00113149,2021-04-22T15:16:58.911925Z,54513.57,54513.58,20451.39595,17.57050414
159365130,54529.28,0.01824753,2021-04-22T15:17:28.33361Z,54529.27,54529.28,20451.39595,18.67263302
159365285,54567.91,0.00176939,2021-04-22T15:17:58.755085Z,54565.52,54565.53,20457.49982,26.1866065
159365424,54513.25,0.01259268,2021-04-22T15:18:28.560574Z,54511.22,54513.25,20462.57616,19.23211959
159365583,54500.72,0.00213485,2021-04-22T15:18:58.638374Z,54500.71,54500.72,20462.57616,22.92432891
159365698,54518.16,0.00072762,2021-04-22T15:19:28.306882Z,54518.16,54518.17,20470.69564,22.93565137
159365913,54556.42,0.00040821,2021-04-22T15:19:58.893773Z,54545.29,54546.37,20470.69564,26.09561143
159366063,54558.42,0.00003313,2021-04-22T15:20:28.496565Z,54558.42,54558.43,20478.76813,23.58789147
159366161,54559.85,0.0008756,2021-04-22T15:20:58.394811Z,54559.84,54559.85,20482.96323,24.55430846
159366318,54499.02,0.00159716,2021-04-22T15:21:28.080924Z,54499.01,54499.02,20482.96323,25.0841062
159366484,54535.69,0.00268106,2021-04-22T15:21:57.813548Z,54535.68,54535.69,20490.67927,23.16549071
159366616,54492.99,0.00263361,2021-04-22T15:22:29.429728Z,54487.46,54492.54,20490.67927,28.48630309
159366773,54479.38,0.24881975,2021-04-22T15:22:58.648993Z,54482.08,54486.34,20495.42869,29.78307747
159366918,54468.5,0.00036535,2021-04-22T15:23:28.641954Z,54463.44,54463.45,20503.76199,22.89997257
159367069,54425.08,0.01005545,2021-04-22T15:23:58.2604Z,54425.07,54425.08,20503.76199,35.82853354
159367201,54425.49,0.00309808,2021-04-22T15:24:28.875884Z,54425.49,54425.5,20510.67897,28.04234755
159367338,54418.75,0.00033846,2021-04-22T15:24:58.741233Z,54412.4,54417.88,20510.67897,25.2530212
159367520,54501.08,0.01059,2021-04-22T15:25:28.573375Z,54501.08,54501.09,20517.81386,32.01588168
159367740,54502.77,0.0184287,2021-04-22T15:26:00.880445Z,54502.77,54502.78,20539.24419,38.69051181
159367887,54513.39,0.00087653,2021-04-22T15:26:27.782098Z,54513.38,54513.39,20539.24419,41.24045567
159367990,54520.59,0.002131,2021-04-22T15:27:00.382424Z,54505.01,54505.02,20546.91462,36.97724359
159368186,54488.86,0.00016463,2021-04-22T15:27:30.639723Z,54488.86,54491.3,20546.91462,10.89686083
159368279,54468.68,0.0485601,2021-04-22T15:27:59.027403Z,54468.67,54468.68,20555.52248,18.49018269
159368479,54521.53,0.00087661,2021-04-22T15:28:30.594052Z,54521.52,54521.53,20561.1195,20.67734315
159368609,54495.83,0.00042922,2021-04-22T15:29:00.369729Z,54495.82,54495.83,20561.1195,20.02923802
159368763,54521.57,0.00175575,2021-04-22T15:29:30.263904Z,54518.42,54518.43,20571.51605,20.2422554
159368926,54469.08,0.00300272,2021-04-22T15:29:58.507287Z,54469.08,54469.09,20571.51605,23.55636763
159369083,54473.26,0.01619009,2021-04-22T15:30:30.989205Z,54473.25,54473.26,20581.82987,22.57036162
159369215,54427.29,0.01720271,2021-04-22T15:31:00.848237Z,54427.28,54427.29,20593.80321,31.26668425
159369336,54426.65,0.00177358,2021-04-22T15:31:30.849866Z,54426.64,54426.65,20593.80321,35.12144928
159369454,54425.68,0.3744088,2021-04-22T15:32:00.990093Z,54425.67,54425.68,20599.13149,21.91006472
159369606,54498.34,0.00458184,2021-04-22T15:32:30.695736Z,54498.33,54498.34,20599.13149,30.09954989
159369775,54570.42,0.00970808,2021-04-22T15:33:00.555813Z,54570.42,54570.43,20607.12174,57.54030956
159369898,54567.62,0.0027,2021-04-22T15:33:30.871434Z,54561.47,54567.74,20623.68766,63.89426966
159370034,54535.95,0.00065525,2021-04-22T15:34:01.114129Z,54535.95,54535.96,20623.68766,53.71939925
159370160,54533.98,0.01429963,2021-04-22T15:34:30.559334Z,54533.95,54544.12,20630.48273,26.33809439
159370313,54532.79,0.0073548,2021-04-22T15:35:00.886338Z,54532.79,54537.86,20630.48273,17.09147319
159370442,54524.19,0.01631409,2021-04-22T15:35:30.515066Z,54524.19,54524.2,20635.73005,14.90948235
159370580,54525,0.0098728,2021-04-22T15:36:00.444782Z,54526.73,54526.74,20642.19027,4.838460069
159370705,54560.99,0.00184841,2021-04-22T15:36:30.659447Z,54553.65,54560.47,20642.19027,13.39776249
159370863,54554.16,0.00038433,2021-04-22T15:37:01.162925Z,54550.29,54554.16,20647.25209,15.27336583
159370973,54552.87,0.05392021,2021-04-22T15:37:30.426863Z,54552.86,54552.87,20647.25209,15.63612407
159371120,54521.66,0.00176958,2021-04-22T15:38:00.923621Z,54521.65,54521.66,20651.43261,16.27868373
159371232,54552.86,0.00024642,2021-04-22T15:38:30.374666Z,54552.85,54552.86,20654.15869,13.75883337
159371382,54578.43,0.00162778,2021-04-22T15:39:00.016603Z,54578.43,54578.44,20654.15869,18.02899065
159371540,54564.72,0.00039996,2021-04-22T15:39:30.470677Z,54563.58,54564.67,20658.48511,18.76239366
159371669,54551.73,0.00350557,2021-04-22T15:40:00.893902Z,54551.72,54551.73,20658.48511,18.78296781
159371778,54553.65,0.0064,2021-04-22T15:40:30.802857Z,54553.64,54553.65,20666.39499,10.21030733
159371932,54518.92,0.0003377,2021-04-22T15:41:00.984179Z,54518.91,54518.92,20673.54271,19.72979776
159372079,54543.46,0.00019182,2021-04-22T15:41:32.940111Z,54538.79,54543.46,20673.54271,15.36451574
159372203,54552.82,0.0669692,2021-04-22T15:42:00.838766Z,54551.29,54557.61,20677.90511,13.11410324
159372369,54533.98,0.00484697,2021-04-22T15:42:32.664645Z,54533.98,54533.99,20677.90511,12.97421689
159372515,54517.76,0.00045385,2021-04-22T15:43:02.539966Z,54517.75,54517.76,20683.44596,13.6598366
159372618,54538.32,0.0555,2021-04-22T15:43:32.474517Z,54547.55,54547.56,20687.71999,11.59901099
159372738,54538.56,0.00069335,2021-04-22T15:44:02.545317Z,54538.55,54538.56,20687.71999,11.23576147
159372876,54527.25,0.0089915,2021-04-22T15:44:32.824615Z,54527.24,54527.25,20689.78274,7.859072709
159373013,54502.01,0.00268309,2021-04-22T15:45:02.970665Z,54502,54502.01,20689.78274,13.76280639
159373169,54429,0.0052715,2021-04-22T15:45:30.792613Z,54428.99,54429,20698.59132,41.22119523
159373320,54444.03,0.02941656,2021-04-22T15:46:02.777612Z,54444.06,54444.07,20706.69023,44.06216654
159373469,54393.3,0.00004687,2021-04-22T15:46:32.723219Z,54385.82,54392.11,20706.69023,48.88444309
159373635,54404.77,0.00036943,2021-04-22T15:47:02.82505Z,54404.77,54404.78,20713.60719,38.10488021
159373764,54423.83,0.00360373,2021-04-22T15:47:32.849913Z,54423.9,54423.91,20713.60719,17.96002071
159373874,54452.18,0.00244779,2021-04-22T15:48:02.99948Z,54449.13,54452.18,20719.15331,22.39156394
159374010,54468.96,0.0008773,2021-04-22T15:48:31.790968Z,54470.41,54470.42,20728.38178,28.36073863
159374126,54482.3,0.00263344,2021-04-22T15:49:02.923366Z,54482.29,54482.3,20728.38178,28.54341773
159374238,54501.51,0.00368806,2021-04-22T15:49:33.16963Z,54501.51,54501.52,20740.49616,26.47419619
159374347,54547.35,0.0089903,2021-04-22T15:50:02.899148Z,54547.34,54547.35,20740.49616,32.71931723
159374477,54554.7,0.00039232,2021-04-22T15:50:32.923464Z,54554.69,54554.7,20743.57495,34.38638602
159374688,54578.38,0.00198564,2021-04-22T15:51:02.657391Z,54578.44,54578.45,20747.8926,35.4912707
159374784,54597.99,0.01178094,2021-04-22T15:51:32.374106Z,54597.99,54598,20747.8926,32.58740898
159374904,54598,0.00473183,2021-04-22T15:52:02.752652Z,54597.99,54598,20756.99721,21.19043992
159375186,54698.93,0.00118478,2021-04-22T15:52:32.856932Z,54700.95,54700.96,20756.99721,49.31105231
159375317,54720.65,0.01048074,2021-04-22T15:53:02.854556Z,54720.64,54720.65,20772.96064,58.81447339
159375482,54728.9,0.04052702,2021-04-22T15:53:32.913364Z,54728.88,54728.89,20780.51109,58.71098929
159375687,54727.44,0.00044235,2021-04-22T15:54:03.021607Z,54727.44,54727.45,20780.51109,49.5655076
159375940,54682.47,0.01558718,2021-04-22T15:54:32.516925Z,54682.47,54682.48,20791.41836,18.11713818
159376186,54687.93,0.00896465,2021-04-22T15:55:03.191787Z,54684.18,54684.19,20791.41836,20.09183655
159376409,54717.71,0.00558051,2021-04-22T15:55:33.13807Z,54717.47,54717.48,20829.01817,19.79713615
159376627,54703.57,0.03131108,2021-04-22T15:56:02.615569Z,54703.56,54703.57,20852.74997,17.08340434
159376784,54683.63,0.00073488,2021-04-22T15:56:32.741165Z,54683.63,54683.64,20852.74997,13.60464979
159377006,54662.1,0.03744427,2021-04-22T15:57:04.694808Z,54662.1,54662.11,20865.28517,18.81690771
159377165,54644.3,0.0027,2021-04-22T15:57:32.636828Z,54644.29,54644.3,20865.28517,26.68363798
159377416,54640.03,0.17621566,2021-04-22T15:58:04.382781Z,54640.02,54640.03,20887.02626,24.00094714
159377576,54679.71,0.00103755,2021-04-22T15:58:34.84822Z,54677.05,54679.71,20895.33114,17.7621582
159377763,54664.81,0.00018202,2021-04-22T15:59:03.977659Z,54664.8,54664.81,20895.33114,14.4564214
159377900,54642.62,0.01967268,2021-04-22T15:59:34.868561Z,54643.6,54649.13,20905.54042,15.46727719
159378084,54714.26,0.00174941,2021-04-22T16:00:04.882178Z,54714.25,54714.26,20905.54042,27.25195083
159378312,54713.96,0.00017901,2021-04-22T16:00:33.967077Z,54713.95,54713.96,20918.10315,27.95685204
159378480,54684.21,0.00012245,2021-04-22T16:01:04.802898Z,54684.2,54684.21,20169.00301,27.9065221
159378699,54640.01,0.00455263,2021-04-22T16:01:34.762893Z,54640,54640.01,20169.00301,32.669059
159378888,54568.49,0.003,2021-04-22T16:02:05.114905Z,54568.48,54568.49,20182.2213,55.00549158
159379079,54560.02,0.00857428,2021-04-22T16:02:34.980771Z,54560.01,54560.02,20182.2213,61.17707917
159379259,54626,0.00898803,2021-04-22T16:03:04.845572Z,54625.99,54626,20197.61585,46.30274748
159379452,54670.96,0.35579396,2021-04-22T16:03:34.006917Z,54670.95,54670.96,20209.91349,42.53440048
159379629,54736.66,0.00103731,2021-04-22T16:04:04.673684Z,54736.65,54736.66,20209.91349,65.9110466
159379813,54659.56,0.00033658,2021-04-22T16:04:34.463732Z,54659.55,54659.56,20239.86138,57.81180364
159379983,54631.65,0.0910667,2021-04-22T16:05:04.884104Z,54631.64,54631.65,20239.86138,39.58152983
159380156,54593.76,0.12429171,2021-04-22T16:05:34.581779Z,54593.75,54593.76,20247.69766,47.28117866
159380311,54558.4,0.01051978,2021-04-22T16:06:04.719435Z,54554.09,54558.4,20255.8344,60.84802235
159380457,54618.88,0.00182396,2021-04-22T16:06:34.733593Z,54618.87,54618.88,20255.8344,34.35128993
159380577,54627.88,0.00335985,2021-04-22T16:07:04.77161Z,54627.88,54627.89,20266.65256,27.26926445
159380736,54651.71,0.00525437,2021-04-22T16:07:34.5909Z,54651.7,54651.71,20266.65256,31.82606202
159380916,54661.4,0.07,2021-04-22T16:08:04.493312Z,54659.71,54659.72,20283.5778,36.084995
159381049,54674.27,0.00069932,2021-04-22T16:08:34.73285Z,54674.26,54674.27,20291.40519,20.63665612
159381211,54660.36,0.04525563,2021-04-22T16:09:04.68356Z,54660.36,54660.37,20291.40519,15.40950433
159381378,54621.77,0.00030914,2021-04-22T16:09:34.851291Z,54621.77,54628.63,20299.80696,17.60710924
159381526,54617.88,0.00176752,2021-04-22T16:10:04.740378Z,54617.87,54617.88,20299.80696,22.864546
159381693,54628.67,0.0005649,2021-04-22T16:10:34.833138Z,54628.67,54628.68,20310.16317,22.52650971
159381855,54611.62,0.00019694,2021-04-22T16:11:04.792991Z,54611.62,54611.63,20325.6294,17.07121671
159382007,54639.6,0.00058243,2021-04-22T16:11:34.759067Z,54639.59,54639.6,20325.6294,9.600190405
159382162,54600.01,0.00262704,2021-04-22T16:12:02.856741Z,54600,54600.01,20332.87086,13.65768735
159382263,54614.96,0.0006925,2021-04-22T16:12:35.422605Z,54614.95,54614.96,20332.87086,13.77875959
159382398,54611.63,0.00094762,2021-04-22T16:13:04.94121Z,54611.62,54611.63,20341.73043,13.04647477
159382573,54587.16,0.00175283,2021-04-22T16:13:35.102141Z,54587.15,54587.16,20347.52331,17.45065202
159382709,54615.6,0.00358927,2021-04-22T16:14:04.782935Z,54615.59,54615.6,20347.52331,10.90763292
159382849,54593,0.00042832,2021-04-22T16:14:34.880885Z,54592.99,54593,20367.38465,11.96979197
159382984,54610.01,0.01909345,2021-04-22T16:15:04.089593Z,54610.01,54610.02,20367.38465,11.24393703
159383136,54639.6,0.00017859,2021-04-22T16:15:36.862538Z,54639.59,54639.6,20382.25766,18.5143097
159383279,54653.87,0.00016412,2021-04-22T16:16:03.537988Z,54653.86,54653.87,20385.53212,21.68092119
159383412,54691.27,0.00897168,2021-04-22T16:16:34.943496Z,54691.26,54691.27,20385.53212,34.34978136
159383527,54696.77,0.00545749,2021-04-22T16:17:06.716242Z,54696.76,54696.77,20390.84367,32.45982353
159383684,54656.4,0.02076512,2021-04-22T16:17:36.866149Z,54656.39,54656.4,20390.84367,22.40137977
159383869,54620.49,0.0259,2021-04-22T16:18:06.590959Z,54620.49,54620.5,20397.37278,27.82349654
159384070,54622.32,0.00267707,2021-04-22T16:18:36.922085Z,54622.31,54622.32,20406.19722,32.53034214
159384267,54618.32,0.05206,2021-04-22T16:19:06.583107Z,54622.11,54624.05,20406.19722,30.37808354
