trade_id,price,size,time,bid,ask,volume,std_dev
157865661,57374.23,0.00025166,2021-04-19T07:41:39.292881Z,57374.22,57374.23,21925.23957893,nan
157865699,57367.71,0.04082998,2021-04-19T07:42:08.431684Z,57367.71,57367.72,21927.70816411,nan
157865741,57365.05,0.00015637,2021-04-19T07:42:39.232533Z,57365.04,57365.05,21928.84931113,nan
157865855,57321.49,0.05287646,2021-04-19T07:43:08.702752Z,57324.43,57332.46,21928.84931113,nan
157865928,57360.55,0.00854574,2021-04-19T07:43:39.037414Z,57360.54,57360.55,21931.91980503,18.690606838730325
157866019,57414.97,0.00088402,2021-04-19T07:44:09.326865Z,57414.96,57414.97,21931.91980503,29.707640498700442
157866080,57419.19,0.00017102,2021-04-19T07:44:37.95505Z,57419.18,57419.19,21934.42849806,36.64333390945857
157866140,57430.66,0.00044276,2021-04-19T07:45:09.976825Z,57430.66,57430.67,21938.28356224,41.68391363583911
157866306,57486.49,0.00068487,2021-04-19T07:45:39.948438Z,57486.49,57486.5,21938.28356224,40.16636224503922
157866419,57471.23,0.03655028,2021-04-19T07:46:10.097645Z,57471.23,57471.24,21943.98628636,28.919942185277336
157866608,57459.53,0.02380743,2021-04-19T07:46:40.187757Z,57457.36,57459.53,21943.98628636,25.051401557593024
157866801,57419.24,0.00313244,2021-04-19T07:47:09.872408Z,57419.24,57419.25,21950.80547485,25.037741910959078
157866860,57470.03,0.00023386,2021-04-19T07:47:39.153269Z,57470.02,57470.03,21961.90657526,22.722369242663756
157866898,57470.03,0.01687369,2021-04-19T07:48:10.441192Z,57470.02,57470.03,21961.90657526,19.845163037876453
157866936,57430.86,0.00511963,2021-04-19T07:48:36.306669Z,57430.85,57430.86,21963.08370958,21.003431529149204
157867017,57407.57,0.00708624,2021-04-19T07:49:09.384338Z,57407.56,57407.57,21963.08370958,25.956861597647443
157867103,57430.86,0.06028985,2021-04-19T07:49:39.713952Z,57432.61,57435.75,21965.55166232,24.51489914316322
157867168,57428.04,0.00235597,2021-04-19T07:50:09.860691Z,57428.03,57428.04,21969.14361108,20.251186039323468
157867229,57431.67,0.00129403,2021-04-19T07:50:38.164356Z,57431.66,57431.67,21969.14361108,9.19798456179905
157867292,57442.34,0.00134634,2021-04-19T07:51:10.015671Z,57442.33,57446.38,21970.85527761,11.354510293231916
157867338,57481.29,0.002273,2021-04-19T07:51:39.547062Z,57481.28,57481.29,21970.85527761,19.829179508982108
157867420,57503.37,0.00496138,2021-04-19T07:52:08.050803Z,57503.36,57503.37,21972.80982952,29.781881337481412
157867540,57429.02,0.00083168,2021-04-19T07:52:39.946788Z,57429.01,57429.02,21976.05307966,29.591007688145826
157867580,57443.8,0.00164847,2021-04-19T07:53:09.950537Z,57443.8,57443.81,21976.05307966,27.814710208806734
157867627,57470.42,0.00220188,2021-04-19T07:53:39.549326Z,57470.41,57470.42,21988.03964717,26.492700126637263
157867663,57484.66,0.00874894,2021-04-19T07:54:08.713053Z,57484.65,57484.66,21988.03964717,26.923174849930405
157867810,57515.54,0.00005711,2021-04-19T07:54:39.806283Z,57515.53,57515.54,21989.37329811,30.48336359393247
157867960,57566.47,0.00012991,2021-04-19T07:55:04.009417Z,57566.46,57566.47,21998.15203512,42.08431080580719
157868051,57500.24,0.00738601,2021-04-19T07:55:38.855848Z,57500.23,57500.24,21998.15203512,33.14029667941832
157868099,57450.01,0.00034624,2021-04-19T07:56:08.716087Z,57450,57450.01,22005.43396518,38.30631415314925
157868141,57450.01,0.02033174,2021-04-19T07:56:39.644048Z,57450,57450.01,22005.43396518,43.80625462191109
157868206,57423.15,0.00207157,2021-04-19T07:57:11.893023Z,57423.14,57423.15,22006.72809677,50.78771174210861
157868286,57422.43,0.00341266,2021-04-19T07:57:41.299347Z,57422.42,57422.43,22011.5381857,28.290012654631255
157868369,57384.37,0.00667869,2021-04-19T07:58:11.873577Z,57384.36,57384.37,22011.5381857,24.111757795711334
157868445,57449.01,0.00010407,2021-04-19T07:58:41.81801Z,57449,57449.01,22013.8016455,23.915067718888608
157868521,57448.99,0.00208208,2021-04-19T07:59:11.62563Z,57447.32,57448.99,22013.8016455,23.71111131935771
157868621,57427.7,0.00083154,2021-04-19T07:59:41.939773Z,57427.69,57427.7,22014.84485118,23.687304616586665
157868673,57428.56,0.0001066,2021-04-19T08:00:11.216954Z,57428.56,57428.57,22018.37555631,23.603412126194073
157868753,57419.07,0.00048538,2021-04-19T08:00:41.667299Z,57419.06,57419.07,22018.37555631,12.165286022079306
157868809,57438.54,0.1159549,2021-04-19T08:01:11.929191Z,57438.53,57438.54,20816.74216626,10.269413615148967
157868852,57410.1,0.00083197,2021-04-19T08:01:41.549763Z,57410.09,57410.1,20816.74216626,9.594351671636343
157868912,57438.54,0.02979273,2021-04-19T08:02:12.004612Z,57430.98,57438.54,20817.9079254,11.110935874129275
157868970,57524.91,0.01620151,2021-04-19T08:02:41.975455Z,57524.9,57524.91,20819.96763984,40.8701775870739
157869045,57547.64,0.00340614,2021-04-19T08:03:11.880997Z,57547.63,57547.64,20819.96763984,54.02150742064415
157869126,57575,0.00048408,2021-04-19T08:03:41.812186Z,57574.99,57575,20821.91666155,63.83026880719466
157869246,57550,0.00008923,2021-04-19T08:04:11.798842Z,57522.84,57536.54,20821.91666155,47.09206234599139
157869324,57488.02,0.00514087,2021-04-19T08:04:42.04931Z,57488.01,57488.02,20826.20491854,29.227908306938062
157869433,57355.88,0.001,2021-04-19T08:05:12.137101Z,57354.94,57354.95,20833.01308223,79.0619378462147
157869545,57349.52,0.01047753,2021-04-19T08:05:41.543192Z,57343.1,57349.33,20833.01308223,94.96216711932625
157869641,57412.56,0.47864519,2021-04-19T08:06:10.553904Z,57388.32,57388.33,20836.53395285,77.50371180788052
157869696,57402.33,0.00015627,2021-04-19T08:06:41.726655Z,57402.32,57402.33,20836.53395285,49.78292173023963
157869782,57349.11,0.0001,2021-04-19T08:07:10.746986Z,57349.11,57349.12,20841.21782395,27.700207219434347
157869844,57325.11,0.00072908,2021-04-19T08:07:42.114867Z,57325.1,57325.11,20843.39067074,33.76880726350277
157869915,57360.58,0.00144713,2021-04-19T08:08:11.114874Z,57371.17,57371.18,20843.39067074,32.85362652736454
157869987,57370.47,0.00168343,2021-04-19T08:08:41.519051Z,57352.39,57358.28,20845.03615384,25.401332248518376
157870060,57325.47,0.00117575,2021-04-19T08:09:09.458337Z,57325.47,57325.48,20845.03615384,18.323716216959944
157870150,57380.44,0.00854733,2021-04-19T08:09:41.539806Z,57380.43,57380.44,20851.31215297,23.020195133831386
157870290,57327.55,0.00064874,2021-04-19T08:10:11.981921Z,57322.26,57330.99,20854.38522113,22.455138743718074
157870403,57301.96,0.01938895,2021-04-19T08:10:41.755757Z,57296.61,57296.62,20854.38522113,29.56362995302884
157870480,57276.35,0.00032161,2021-04-19T08:11:12.189903Z,57270.63,57276.35,20862.01829048,34.47600475692578
157870605,57274.34,0.00855833,2021-04-19T08:11:40.319957Z,57274.33,57274.34,20862.01829048,39.28295783160395
157870677,57282.18,0.00168581,2021-04-19T08:12:07.274026Z,57288.33,57288.34,20867.83332529,20.075366596886052
157870723,57270.63,0.0001066,2021-04-19T08:12:41.560819Z,57270.63,57270.64,20872.72403112,11.083200620721854
157870765,57258.8,0.01434797,2021-04-19T08:13:11.229396Z,57258.79,57258.8,20872.72403112,7.785748518862989
157870798,57260.64,0.00052657,2021-04-19T08:13:40.47947Z,57260.64,57260.65,20873.27865159,8.69837777973155
157870852,57270.36,0.00015654,2021-04-19T08:14:12.151439Z,57264.75,57270.36,20873.27865159,8.37861659219006
157870916,57238.2,0.0004,2021-04-19T08:14:40.205252Z,57238.2,57238.21,20874.18962016,11.807122596081605
157870967,57222.71,0.0076,2021-04-19T08:15:10.34631Z,57220.18,57225.14,20875.17591896,17.257244739494315
157871034,57236.43,0.02215812,2021-04-19T08:15:41.349612Z,57236.42,57236.43,20875.17591896,17.332265172179532
157871112,57245.31,0.00167138,2021-04-19T08:16:11.786557Z,57238.53,57245.31,20877.57267075,15.690778693192085
157871181,57285.9,0.00083383,2021-04-19T08:16:41.428071Z,57285.89,57285.9,20877.57267075,21.38651257215058
157871227,57264.49,0.00015655,2021-04-19T08:17:11.593333Z,57260.99,57264.49,20879.26425461,22.11320908413624
157871259,57227.99,0.00008693,2021-04-19T08:17:40.69035Z,57227.98,57227.99,20883.1242869,20.827233709706043
157871307,57208.84,0.00023495,2021-04-19T08:18:11.403015Z,57207.74,57207.75,20883.1242869,26.975217218751002
157871420,57200,0.00057429,2021-04-19T08:18:42.05144Z,57199.99,57200,20884.89018022,32.83013895795798
157871521,57182.54,0.00010456,2021-04-19T08:19:13.622393Z,57182.53,57182.54,20884.89018022,27.996062151647156
157871590,57171.66,0.00255739,2021-04-19T08:19:41.446163Z,57171.65,57171.66,20891.26698374,19.76613629415404
157871653,57202.7,0.00856895,2021-04-19T08:20:10.619435Z,57200.97,57202.7,20893.3279938,13.846972809937483
157871739,57189.91,0.00521824,2021-04-19T08:20:42.207035Z,57184.3,57189.91,20893.3279938,11.412888153278496
157871825,57213.38,0.00012563,2021-04-19T08:21:12.603476Z,57210.27,57213.38,20894.73165355,14.691238749648384
157871864,57230.42,0.00194887,2021-04-19T08:21:42.840248Z,57230.41,57230.42,20894.73165355,20.01813937405468
157871938,57221.72,0.00168674,2021-04-19T08:22:11.961079Z,57221.71,57221.72,20901.66910136,14.208715072064171
157871966,57200.46,0.00132618,2021-04-19T08:22:43.107397Z,57179.54,57179.55,20911.25281086,14.515098897324421
157872035,57136.3,0.00871749,2021-04-19T08:23:13.89776Z,57136.29,57136.3,20911.25281086,33.564925502661175
157872115,57131.68,0.27,2021-04-19T08:23:42.894425Z,57137.06,57137.07,20913.48575034,42.09786578912666
157872151,57165.63,0.00387863,2021-04-19T08:24:12.855247Z,57165.63,57165.64,20913.48575034,35.26832709385856
157872183,57154.81,0.01605481,2021-04-19T08:24:41.238175Z,57154.8,57154.81,20915.13716813,24.635852410652056
157872238,57124.62,0.00223205,2021-04-19T08:25:14.074103Z,57124.61,57124.62,20917.64023405,15.24258167107385
157872299,57114.73,0.00132586,2021-04-19T08:25:43.603638Z,57114.73,57114.74,20917.64023405,19.005370398898634
157872404,57070.19,0.08631473,2021-04-19T08:26:13.376121Z,57059.7,57059.71,20919.76217712,33.598292575654504
157872573,57011.79,0.08325544,2021-04-19T08:26:42.916146Z,57014.74,57014.75,20919.76217712,49.76551753975217
157872643,57069.33,0.00039163,2021-04-19T08:27:14.132194Z,57069.32,57070.2,20927.64093647,40.105758389532355
157872699,57055.94,0.00286297,2021-04-19T08:27:42.86529Z,57062.63,57070.97,20934.22253469,32.95548973994559
157872749,57018.74,0.00128335,2021-04-19T08:28:11.615059Z,57007.82,57007.83,20934.22253469,25.053799232847865
157872826,56999.18,0.01745682,2021-04-19T08:28:43.756652Z,56998.42,56998.89,20936.93656096,26.91853086629996
157872902,56954.44,0.00057796,2021-04-19T08:29:13.220062Z,56954.43,56954.44,20936.93656096,41.12707799005432
157872997,57016.05,0.00403203,2021-04-19T08:29:43.881521Z,57016.04,57016.05,20938.75103802,32.9274207917972
157873073,56975.32,0.00043453,2021-04-19T08:30:12.575766Z,56975.31,56975.32,20942.20641907,24.621843635277813
157873130,57031.29,0.0017473,2021-04-19T08:30:44.043012Z,57031.28,57031.29,20942.20641907,27.602997373475528
157873189,57020.01,0.00166757,2021-04-19T08:31:13.674166Z,57020.01,57020.02,20945.93803841,29.394599095754284
157873239,57000.25,0.00083809,2021-04-19T08:31:42.355506Z,57000.24,57000.25,20945.93803841,19.379403086787807
157873330,57059.1,0.0735,2021-04-19T08:32:13.328976Z,57059.09,57059.1,20949.67710155,28.295833332847014
157873393,57073.35,0.00043595,2021-04-19T08:32:41.018422Z,57069.02,57069.03,20951.45293341,26.386963447893105
157873433,57083.94,0.01131752,2021-04-19T08:33:13.968054Z,57083.93,57083.94,20951.45293341,31.996169145705903
157873485,57081.93,0.00034863,2021-04-19T08:33:41.9277Z,57081.92,57081.93,20952.80555286,30.99269113840937
157873556,57114.9,0.00065872,2021-04-19T08:34:14.012676Z,57114.9,57114.91,20952.80555286,18.348500320224005
157873621,57157.64,0.00514978,2021-04-19T08:34:43.195097Z,57153.03,57156.82,20955.14408085,31.020609536266694
157873652,57151.46,0.01414382,2021-04-19T08:35:13.49776Z,57151.46,57151.47,20956.24267699,32.12985004636145
157873706,57189.52,0.01237298,2021-04-19T08:35:41.478522Z,57189.52,57189.53,20956.24267699,37.12876512896664
157873739,57200.46,0.01689945,2021-04-19T08:36:13.400241Z,57200.45,57200.46,20956.88469294,30.271653803556095
157873802,57221.35,0.0147711,2021-04-19T08:36:44.115658Z,57214.01,57221.35,20956.88469294,26.268188822275274
157873860,57189.52,0.04878951,2021-04-19T08:37:12.160036Z,57174.54,57174.55,20957.25220736,22.70224341343473
157873919,57108.01,0.00506699,2021-04-19T08:37:43.446859Z,57108,57108.01,20962.85915977,38.66925155731283
157873993,57133.92,0.00788181,2021-04-19T08:38:13.506257Z,57133.91,57133.92,20962.85915977,42.63347389086169
157874056,57144.57,0.0043531,2021-04-19T08:38:43.805335Z,57137.51,57144.75,20965.43627061,40.6326984582966
157874101,57140.8,0.00040934,2021-04-19T08:39:12.978613Z,57140.79,57140.8,20965.43627061,26.372331410078022
157874159,57087.94,0.0000874,2021-04-19T08:39:43.524565Z,57087.93,57087.94,20967.26874948,21.703656281906206
157874211,57068.41,0.00083705,2021-04-19T08:40:13.891441Z,57065.53,57065.54,20968.19542948,30.986387592023757
157874261,57096.5,0.00025715,2021-04-19T08:40:43.897153Z,57096.49,57096.5,20968.19542948,30.048603694734716
157874324,57067.96,0.00858691,2021-04-19T08:41:13.483172Z,57067.95,57067.96,20970.53741359,26.653573419026294
157874374,57058.47,0.00191792,2021-04-19T08:41:42.882755Z,57058.47,57058.48,20970.53741359,14.08730293574894
157874425,57058.48,0.00083721,2021-04-19T08:42:14.492749Z,57058.47,57058.48,20971.71485746,13.961264412781663
157874455,57058.29,0.01095361,2021-04-19T08:42:45.000116Z,57058.28,57058.29,20972.27214537,14.751060978913888
157874496,57050,0.000437,2021-04-19T08:43:13.57686Z,57050,57050.01,20972.27214537,5.686633450803275
157874555,57090.77,0.00181039,2021-04-19T08:43:43.491376Z,57090.76,57090.77,20972.91111833,14.164069189454233
157874593,57064.09,0.00048841,2021-04-19T08:44:14.938438Z,57064.08,57064.09,20973.82426073,13.965558492363321
157874653,57090.1,0.00032258,2021-04-19T08:44:45.549803Z,57090.09,57090.1,20973.82426073,16.76509827001958
157874741,57115.92,0.00121032,2021-04-19T08:45:15.671094Z,57115.91,57115.92,20975.82470289,22.968249911628913
157874803,57107.76,0.000714,2021-04-19T08:45:42.250911Z,57107.75,57107.76,20975.82470289,17.830900594270638
157874855,57119.18,0.00083632,2021-04-19T08:46:13.714013Z,57119.17,57119.18,20977.59966451,20.333883052743218
157874918,57116.39,0.00167512,2021-04-19T08:46:44.273561Z,57116.38,57116.39,20977.59966451,10.593337528954914
157874970,57145.45,0.0005,2021-04-19T08:47:13.761703Z,57145.45,57145.46,20978.21229529,12.833183548990599
157875006,57127.86,0.05965049,2021-04-19T08:47:44.502623Z,57107.75,57107.76,20984.42548413,12.78769940223929
157875044,57065.38,0.0056569,2021-04-19T08:48:14.775763Z,57065.38,57065.39,20984.42548413,26.73582420652493
157875086,57029.24,0.00174911,2021-04-19T08:48:46.168284Z,57029.23,57029.24,20985.40086828,43.0508158343411
157875134,56994.77,0.00516003,2021-04-19T08:49:16.078253Z,56994.76,56994.77,20985.96273911,57.18478643837416
157875176,56969.97,0.00014113,2021-04-19T08:49:45.439848Z,56969.97,56969.98,20985.96273911,55.4916024638196
157875266,56965.17,0.15,2021-04-19T08:50:16.227935Z,56955.31,56965.18,20986.66310929,37.81920284726787
157875366,57007.05,0.0256625,2021-04-19T08:50:46.184232Z,57003.69,57007.07,20986.66310929,23.742261054982947
157875407,56995.69,0.00032316,2021-04-19T08:51:14.461675Z,56995.68,56995.69,20990.77083148,16.145320065054882
157875469,57043.92,0.00083809,2021-04-19T08:51:45.836847Z,57043.91,57043.92,20990.77083148,28.446183575356663
157875500,57041.39,0.01031267,2021-04-19T08:52:14.94952Z,57041.38,57041.39,20992.88440879,29.519594577206806
157875556,57077.69,0.02710538,2021-04-19T08:52:45.564945Z,57076.41,57076.42,20993.91012683,29.16217989112407
157875598,57016.66,0.00303862,2021-04-19T08:53:13.898126Z,57016.65,57016.66,20993.91012683,27.6566151219243
157875646,56992.81,0.00010711,2021-04-19T08:53:44.770628Z,56992.8,56992.81,20996.27106713,28.488264671656204
157875702,56947.79,0.00144768,2021-04-19T08:54:15.627077Z,56947.74,56947.75,20998.28575789,43.905454968633386
157875766,56925.01,0.02743267,2021-04-19T08:54:44.025541Z,56925,56925.01,20998.28575789,53.653949863949926
157875808,56905.21,0.01022595,2021-04-19T08:55:15.284191Z,56905.21,56905.22,21001.92489531,41.54715374131145
157875884,56900.01,0.0015,2021-04-19T08:55:45.548577Z,56900,56900.01,21001.92489531,33.80427996577734
157875928,56915.85,0.00021871,2021-04-19T08:56:15.412084Z,56915.84,56915.85,21003.07731976,16.88452261703421
157875986,56970.61,0.10870392,2021-04-19T08:56:44.335659Z,56970.6,56970.61,21003.07731976,25.164767751857937
157876021,56926.63,0.00860124,2021-04-19T08:57:15.851288Z,56926.62,56926.63,21005.83409351,25.194620378265927
157876073,56947.76,0.00040951,2021-04-19T08:57:45.447451Z,56947.74,56947.75,21006.49974892,24.706198736442975
157876113,56920,0.00261516,2021-04-19T08:58:14.416694Z,56919.99,56920,21006.49974892,20.424615541167178
157876151,56939.43,0.00131085,2021-04-19T08:58:44.414154Z,56939.42,56939.43,21008.6525795,17.733282380999576
157876254,56899,0.00136942,2021-04-19T08:59:15.519128Z,56899,56899.01,21011.91375408,16.838461450050122
157876331,56861.54,0.01723085,2021-04-19T08:59:44.905209Z,56861.53,56861.54,21011.91375408,30.97884284484209
157876415,56900.89,0.00110301,2021-04-19T09:00:15.717393Z,56900.88,56900.89,21019.99496515,25.879183449364
157876514,56948.87,0.00169499,2021-04-19T09:00:45.23428Z,56948.86,56948.87,21019.99496515,31.39856977643517
157876606,57000,0.00169472,2021-04-19T09:01:13.456486Z,56999.99,57000,19736.56423452,47.824727077163374
157876653,56939.92,0.00083898,2021-04-19T09:01:46.564414Z,56939.91,56939.92,19740.75860468,46.66551043334705
157876736,56933.88,0.00008738,2021-04-19T09:02:15.264232Z,56933.77,56938.67,19740.75860468,32.04595163205876
157876814,56991.62,0.00209883,2021-04-19T09:02:45.641947Z,56991.61,56991.62,19750.31473587,27.452946217182525
157876885,57006.85,0.02064441,2021-04-19T09:03:18.112187Z,57006.84,57006.85,19750.31473587,31.098608071793866
157876939,57015.1,0.00043381,2021-04-19T09:03:45.997583Z,57017.73,57017.74,19752.2225845,34.02797178796961
157876997,56995.01,0.00029517,2021-04-19T09:04:17.708751Z,56989.8,56989.81,19757.24332556,28.564807298532262
157877036,56957.68,0.00174974,2021-04-19T09:04:47.861898Z,56957.67,56957.68,19757.24332556,19.663986777913934
157877103,56989.66,0.00167614,2021-04-19T09:05:18.041152Z,56993.38,56993.39,19761.03311629,19.712090706010688
157877168,57028.54,0.03184362,2021-04-19T09:05:47.176792Z,57028.53,57028.54,19761.03311629,24.19125329539011
157877247,57003.87,0.1561,2021-04-19T09:06:17.419259Z,57000.09,57000.1,19762.43877846,22.91242056182387
157877305,57000.1,0.00868451,2021-04-19T09:06:46.976112Z,57000.09,57000.1,19765.13705868,23.005268961735975
157877349,57034.99,0.00670017,2021-04-19T09:07:15.636029Z,57034.99,57035,19765.13705868,17.362494521255826
157877402,57030.57,0.017193,2021-04-19T09:07:45.277733Z,57030.56,57030.57,19768.1325591,14.593138935817764
157877438,57024.22,0.01228586,2021-04-19T09:08:16.996664Z,57024.21,57024.22,19768.1325591,14.160563548112744
157877502,56970.5,0.00008758,2021-04-19T09:08:47.389588Z,56970.49,56970.5,19771.54336137,24.027253359481936
157877583,56906.21,0.22486655,2021-04-19T09:09:17.913372Z,56906.88,56911.29,19773.55550757,49.37137526950717
157877679,56877.33,0.00175641,2021-04-19T09:09:47.887665Z,56877.32,56877.33,19773.55550757,61.52508841119543
157877769,56817.07,0.02705986,2021-04-19T09:10:18.116559Z,56817.06,56817.07,19782.58055081,72.12929296762573
157877898,56807.06,0.0063,2021-04-19T09:10:47.527206Z,56807.05,56807.06,19782.58055081,60.11565806022509
157877963,56772.57,0.00413089,2021-04-19T09:11:17.382236Z,56772.56,56772.57,19789.32184546,48.696683419076464
157878096,56742.48,0.00009384,2021-04-19T09:11:48.026649Z,56725,56727.51,19792.10943507,45.447984950058434
157878223,56761.35,0.00012836,2021-04-19T09:12:18.065366Z,56761.34,56761.35,19792.10943507,27.989820006974185
157878272,56793.72,0.00151598,2021-04-19T09:12:46.906697Z,56791.9,56802.07,19797.49690983,22.922082453896536
157878316,56761.68,0.05174674,2021-04-19T09:13:17.534399Z,56761.44,56761.45,19797.49690983,16.759418845058054
157878375,56792.01,0.00252715,2021-04-19T09:13:46.678676Z,56792,56792.01,19798.6666169,19.739130072619073
157878450,56809.94,0.00141774,2021-04-19T09:14:16.582241Z,56809.93,56809.94,19800.14488959,19.195775577524717
157878512,56776.8,0.00170032,2021-04-19T09:14:48.315099Z,56771.79,56776.53,19800.14488959,16.379865689999352
157878576,56771.7,0.08272573,2021-04-19T09:15:18.50005Z,56771.7,56771.71,19801.50653141,16.8876802439773
157878683,56687,0.00817441,2021-04-19T09:15:47.347026Z,56686.99,56687,19801.50653141,42.39404014745564
157878795,56719.23,0.00005531,2021-04-19T09:16:18.282926Z,56695.65,56695.66,19805.5629766,43.94242760732777
157878864,56683.31,0.00011882,2021-04-19T09:16:47.428971Z,56686.44,56686.45,19810.82384222,40.113515627870825
157878931,56749.85,0.00050386,2021-04-19T09:17:14.903054Z,56749.85,56749.86,19810.82384222,34.56895682585501
157879037,56802.55,0.00782373,2021-04-19T09:17:48.38268Z,56805.86,56805.87,19811.64379251,44.24812149716052
157879124,56863.88,0.00122675,2021-04-19T09:18:19.230149Z,56863.87,56868.19,19811.64379251,63.525254694684065
157879237,56877.42,0.01033506,2021-04-19T09:18:47.878509Z,56888.23,56888.24,19813.61655351,72.25909476337212
157879323,56877.18,0.00409937,2021-04-19T09:19:17.653881Z,56877.17,56877.18,19821.74132849,50.423790654997156
157879381,56853.92,0.00196314,2021-04-19T09:19:46.453785Z,56853.91,56853.92,19821.74132849,27.66091683255375
157879454,56911.29,0.00161641,2021-04-19T09:20:18.291804Z,56902.98,56908.63,19825.17088665,19.393248722585394
157879499,56829.54,0.0014,2021-04-19T09:20:48.599665Z,56829.53,56829.54,19825.17088665,27.228537970601295
157879574,56846.91,0.0012,2021-04-19T09:21:18.582565Z,56846.9,56846.91,19826.15621159,28.252268864940007
157879626,56799.91,0.00011568,2021-04-19T09:21:48.893199Z,56800.84,56807.83,19831.22651871,36.59176224258248
157879683,56834.5,0.00184048,2021-04-19T09:22:17.851127Z,56834.49,56838.23,19831.22651871,36.82053068626129
157879724,56839.83,0.00168355,2021-04-19T09:22:46.879733Z,56839.82,56839.83,19831.96437102,16.17622626012494
157879784,56849.6,0.00016268,2021-04-19T09:23:18.64086Z,56858.25,56858.26,19831.96437102,17.923630213170743
157879858,56873.42,0.00134063,2021-04-19T09:23:45.706103Z,56866.39,56866.4,19833.31013636,23.853896453580937
157879920,56908.16,0.00053018,2021-04-19T09:24:18.673399Z,56908.52,56908.53,19835.03136877,27.050504173068106
157879972,56878.76,0.0016,2021-04-19T09:24:48.844453Z,56878.76,56878.77,19835.03136877,23.962461977366065
157880028,56920.36,0.00724634,2021-04-19T09:25:18.465106Z,56920.36,56920.37,19836.77218609,25.32702588177166
157880097,56903.8,0.00070001,2021-04-19T09:25:48.111832Z,56903.79,56903.8,19836.77218609,17.917249789388855
157880136,56868.12,0.00200178,2021-04-19T09:26:18.971342Z,56868.11,56868.12,19840.27347781,19.372657020021098
157880192,56867.9,0.00083981,2021-04-19T09:26:48.524023Z,56867.89,56867.9,19842.44856119,20.88629636904855
157880218,56872.97,0.00015763,2021-04-19T09:27:17.936242Z,56867.85,56872.97,19842.44856119,21.506047521936065
157880287,56852.87,0.01,2021-04-19T09:27:48.710154Z,56845.81,56854.56,19843.52468354,16.7546714684669
157880313,56862.98,0.00169786,2021-04-19T09:28:14.37917Z,56862.97,56862.98,19843.52468354,6.824624239952302
157880368,56899.36,0.0263521,2021-04-19T09:28:48.651937Z,56899.35,56899.36,19846.2827512,15.559977635467957
157880407,56873.26,0.00041147,2021-04-19T09:29:17.410364Z,56873.25,56873.26,19849.10666116,15.479022450278274
157880461,56850.7,0.00862288,2021-04-19T09:29:48.866291Z,56850.69,56850.7,19849.10666116,17.688339210238304
157880563,56909.65,0.00083125,2021-04-19T09:30:19.350588Z,56909.65,56909.66,19849.83736926,22.10995070134663
157880761,56994.11,0.00175281,2021-04-19T09:30:48.411219Z,56994.1,56994.11,19849.83736926,48.88573722482583
157880917,56949.02,0.0017542,2021-04-19T09:31:21.013689Z,56949.01,56949.02,19853.94177449,51.614895292096776
157881050,56998.54,0.00017526,2021-04-19T09:31:50.829053Z,56998.53,56998.54,19855.31720132,55.373243574969514
157881148,56998.54,0.00043816,2021-04-19T09:32:20.887411Z,56998.53,56998.54,19855.31720132,35.47572206469319
157881376,57068.33,0.00017505,2021-04-19T09:32:51.049704Z,57068.32,57068.33,19856.03107115,38.18983707755335
157881518,57074.96,0.00175033,2021-04-19T09:33:20.724342Z,57074.95,57074.96,19856.03107115,47.52494014735197
157881651,57061.69,0.00087536,2021-04-19T09:33:50.928056Z,57061.68,57061.69,19858.53842901,34.44491567718443
157881799,57058.33,0.00017508,2021-04-19T09:34:20.531756Z,57058.32,57058.33,19859.51812012,27.513933197704365
157881962,57073.44,0.00035007,2021-04-19T09:34:50.869298Z,57073.43,57073.44,19859.51812012,6.470805205464313
157882117,57099.77,0.00017495,2021-04-19T09:35:20.947046Z,57099.76,57099.77,19862.74452782,14.572287946879467
157882296,57137.32,0.00017484,2021-04-19T09:35:50.526505Z,57140.61,57140.62,19862.74452782,29.45387376910274
157882429,57090.23,0.00174986,2021-04-19T09:36:20.95221Z,57090.22,57090.23,19865.0275247,26.815611423311164
157882558,57097.83,0.00017496,2021-04-19T09:36:51.05098Z,57097.82,57097.83,19867.54472494,20.96679794355166
157882737,57185.24,0.00017469,2021-04-19T09:37:20.643765Z,57185.23,57185.24,19867.54472494,35.55745851441977
157882945,57177.79,0.07018,2021-04-19T09:37:50.499249Z,57177.79,57177.8,19869.77432097,39.269378095457064
157883095,57155.43,0.00136918,2021-04-19T09:38:19.536582Z,57145.51,57145.52,19869.77432097,39.89908851093958
157883195,57143.36,0.00418537,2021-04-19T09:38:50.744522Z,57144.46,57144.47,19890.7112594,30.954161594256085
157883249,57146.95,0.0004094,2021-04-19T09:39:15.690492Z,57145.01,57145.02,19907.0532206,16.770427066801922
157883322,57099.39,0.00109859,2021-04-19T09:39:49.302383Z,57096.94,57096.95,19907.0532206,25.5729072262768
157883417,57090.33,0.00026474,2021-04-19T09:40:20.531803Z,57090.4,57094.53,19924.5692342,26.761448690319128
157883456,57071.86,0.0080915,2021-04-19T09:40:50.440312Z,57072.4,57080.74,19924.5692342,29.771188353935212
157883499,57061.87,0.0027,2021-04-19T09:41:20.511789Z,57061.86,57061.87,19928.16056405,29.55912042003914
157883590,57070.09,0.05116004,2021-04-19T09:41:49.895447Z,57070.09,57070.1,19932.89528471,13.910422567535775
157883627,57081.49,0.00169109,2021-04-19T09:42:20.372986Z,57081.48,57081.49,19932.89528471,9.832717630828752
157883707,57087.08,0.0004099,2021-04-19T09:42:50.02916Z,57087.07,57087.08,19935.9202405,8.866213171791264
157883779,57062.65,0.00545958,2021-04-19T09:43:18.769374Z,57062.65,57062.66,19935.9202405,10.090902041329922
157883841,57059.25,0.00343534,2021-04-19T09:43:49.10043Z,57059.24,57059.25,19940.8726529,10.686785110956402
157883889,57069.64,0.00343555,2021-04-19T09:44:18.555087Z,57069.63,57069.64,19943.77968402,10.705313447431754
157883958,57067.79,0.00037371,2021-04-19T09:44:50.642249Z,57067.79,57068.6,19943.77968402,9.630653976128581
157884014,57050.28,0.00167714,2021-04-19T09:45:18.162247Z,57050.27,57050.28,19948.70147975,6.8877671279098625
157884092,57012.27,0.00343838,2021-04-19T09:45:50.837572Z,57012.26,57012.27,19948.70147975,20.94931464294046
157884290,56959.78,0.00168534,2021-04-19T09:46:20.857466Z,56959.77,56959.78,19958.18839391,41.5616214314359
157884333,56961.72,0.00448762,2021-04-19T09:46:48.540326Z,56961.71,56961.72,19976.37455726,44.31623873944196
157884387,56961.72,0.0216,2021-04-19T09:47:20.692103Z,56968.87,56968.88,19976.37455726,36.438490418958565
157884500,56923.08,0.00326752,2021-04-19T09:47:50.364777Z,56923.08,56923.09,19977.37072605,28.398012325059387
157884578,56962.63,0.00011143,2021-04-19T09:48:20.473039Z,56952.64,56952.65,19977.37072605,15.381154183448851
157884651,56872.72,0.00479876,2021-04-19T09:48:49.717801Z,56872.39,56872.4,19980.83731979,35.22152500980577
157884701,56907.57,0.00786019,2021-04-19T09:49:21.917244Z,56906.16,56906.17,19983.02753368,34.069297967777594
157884771,56872.33,0.00169708,2021-04-19T09:49:49.225824Z,56872.32,56872.33,19983.02753368,33.84818376247735
157884849,56932.59,0.02678532,2021-04-19T09:50:22.820223Z,56929.72,56929.73,19986.9091469,34.91138519191476
157884928,56939.84,0.0013,2021-04-19T09:50:52.601707Z,56934.67,56940.06,19986.9091469,28.604074535257567
157885014,56927.1,0.00015743,2021-04-19T09:51:22.967157Z,56927.09,56927.1,19988.71565994,24.268714511027497
157885073,56893.94,0.0025711,2021-04-19T09:51:50.529861Z,56893.93,56893.94,19995.38915485,25.76885018812261
157885125,56850.32,0.00882904,2021-04-19T09:52:22.144655Z,56850.31,56850.32,19995.38915485,33.18149146765696
157885198,56820.45,0.00168355,2021-04-19T09:52:52.680239Z,56820.44,56820.45,19998.33980966,45.21132513010111
157885237,56820.45,0.00431366,2021-04-19T09:53:22.249184Z,56820.44,56820.45,19998.33980966,42.06276139320197
157885333,56850,0.0008403,2021-04-19T09:53:51.652222Z,56849.99,56850,19999.33442939,26.95620848751832
157885398,56857.08,0.00005521,2021-04-19T09:54:22.813633Z,56835.72,56840.8,20002.6974597,15.887452911749394
157885449,56808.12,0.0035026,2021-04-19T09:54:48.701424Z,56808.11,56808.12,20002.6974597,18.905151679464343
157885581,56780.92,0.00017522,2021-04-19T09:55:22.304372Z,56781.43,56787.81,20004.23992639,27.88761990604441
157885734,56815,0.004314,2021-04-19T09:55:53.202168Z,56814.99,56815,20004.23992639,28.0840749184314
157885813,56857,0.00084028,2021-04-19T09:56:22.551816Z,56856.99,56857,20011.62941346,29.569038943191316
157886038,56738.92,0.00066644,2021-04-19T09:56:52.631814Z,56738.91,56738.92,20034.06544841,39.07619961082966
157886168,56785.83,0.08366344,2021-04-19T09:57:22.393502Z,56785.82,56785.83,20034.06544841,39.16599525131002
157886259,56806.86,0.00169923,2021-04-19T09:57:52.673504Z,56806.85,56806.86,20070.97989245,38.600540100176396
157886381,56758.76,0.00132699,2021-04-19T09:58:20.595037Z,56772.76,56777.76,20070.97989245,40.92522234546817
157886440,56826.06,0.00015789,2021-04-19T09:58:52.546275Z,56826.05,56826.06,20088.3439336,31.501387652392523
157886521,56826.07,0.00084049,2021-04-19T09:59:22.641001Z,56826.06,56826.07,20091.02639686,25.709108580909447
157886634,56771.81,0.00050986,2021-04-19T09:59:52.474086Z,56767.37,56775.16,20091.02639686,27.854777256786807
157886776,56851.88,0.01360274,2021-04-19T10:00:23.072817Z,56839.89,56851.87,20100.14556843,35.51495831371005
157886870,56814.78,0.00106918,2021-04-19T10:00:52.294492Z,56817.36,56817.37,20100.14556843,26.160104740306892
157886963,56801.39,0.03737549,2021-04-19T10:01:23.070707Z,56801.38,56801.39,19067.84968987,26.521247784074156
157887041,56746.11,0.00345114,2021-04-19T10:01:52.622618Z,56746.1,56746.11,19072.82596304,36.25287552768318
157887200,56730.27,0.03098712,2021-04-19T10:02:22.361161Z,56725.97,56729.07,19072.82596304,44.85691679135526
157887325,56700,0.0124547,2021-04-19T10:02:52.718942Z,56700,56700.01,19079.09652772,43.31208838222557
157887647,56683.73,0.00183858,2021-04-19T10:03:22.765705Z,56683.72,56683.73,19079.09652772,40.916011536223756
157888229,56609.9,0.01179482,2021-04-19T10:03:52.75828Z,56605.71,56605.72,19095.42497995,47.42414549611456
157888462,56663.63,0.01208657,2021-04-19T10:04:22.483671Z,56663.62,56663.63,19140.89200521,40.22902564117799
157888655,56560.39,0.00616,2021-04-19T10:04:52.85617Z,56560.38,56560.39,19140.89200521,51.48232201486899
157888824,56639.32,0.00091393,2021-04-19T10:05:23.218415Z,56639.31,56639.32,19154.88993843,43.231003042308025
157888933,56674.66,0.01063142,2021-04-19T10:05:53.165598Z,56674.65,56674.66,19154.88993843,41.13644369709458
157889047,56700.88,0.0076,2021-04-19T10:06:22.183498Z,56701.39,56706.45,19173.42119465,47.96238217647328
157889148,56772.99,0.01446854,2021-04-19T10:06:51.368568Z,56773.88,56773.89,19179.94757816,70.05315850152243
157889217,56778.84,0.003472,2021-04-19T10:07:19.742968Z,56773.27,56773.28,19179.94757816,54.73340274488763
157889328,56676.22,0.0052668,2021-04-19T10:07:51.989812Z,56676.49,56676.5,19190.52130348,46.05537206486525
157889431,56707.17,0.00011778,2021-04-19T10:08:21.644208Z,56720.71,56720.72,19190.52130348,41.12496905813286
157889587,56665.4,0.00026449,2021-04-19T10:08:52.645717Z,56665.39,56665.4,19197.99023241,47.607701310115566
157889687,56733.87,0.00170321,2021-04-19T10:09:22.779031Z,56733.86,56733.87,19220.30027548,41.037860081078804
157889787,56690.17,0.0086405,2021-04-19T10:09:52.828942Z,56684.99,56685,19220.30027548,24.125593547860007
157889908,56718.19,0.00857458,2021-04-19T10:10:22.593404Z,56718.19,56718.2,19229.428025,23.57728907307763
157890004,56706.19,0.01647433,2021-04-19T10:10:53.212887Z,56706.19,56706.2,19229.428025,23.54552832355849
157890108,56653.89,0.00864473,2021-04-19T10:11:22.416773Z,56646.69,56647.45,19244.23023002,27.342504933451206
157890199,56615.77,0.00337931,2021-04-19T10:11:50.743416Z,56615.45,56615.46,19253.11034798,37.43041886005113
157890301,56599.21,0.00126563,2021-04-19T10:12:24.528959Z,56599.2,56599.21,19253.11034798,47.32764266304949
157890545,56546.94,0.00032578,2021-04-19T10:12:55.378341Z,56546.93,56550.49,19258.79594129,53.419713215683096
157890858,56478.48,0.55710815,2021-04-19T10:13:24.832885Z,56474.99,56475,19258.79594129,60.82927301926233
157891288,56353.56,0.00728968,2021-04-19T10:13:54.932942Z,56347.8,56353.56,19286.64361376,95.48902374650739
157891579,56444.7,0.00279904,2021-04-19T10:14:24.605335Z,56449.27,56449.28,19331.44013046,84.64357185319145
157891712,56436.62,0.025,2021-04-19T10:14:51.596333Z,56420,56420.01,19331.44013046,62.761523245307295
157891859,56459.88,0.03689486,2021-04-19T10:15:24.964038Z,56459.87,56459.88,19353.01878675,42.98393486029194
157892105,56514.9,0.00101495,2021-04-19T10:15:54.098156Z,56514.9,56514.91,19353.01878675,51.94602829930903
157892188,56528.51,0.00159018,2021-04-19T10:16:26.885206Z,56528.5,56528.51,19371.24054236,37.567508515561485
157892266,56528.44,0.00341904,2021-04-19T10:16:54.583828Z,56528.44,56528.45,19379.46049956,38.13124178497034
157892439,56517.08,0.315756,2021-04-19T10:17:27.141543Z,56501.97,56513.15,19379.46049956,25.567640799675377
157892647,56527.7,0.01730843,2021-04-19T10:17:55.476382Z,56521.47,56526.35,19404.23628051,6.0360371154389805
157892813,56470.12,0.02688442,2021-04-19T10:18:26.852544Z,56469.36,56480.65,19430.89900026,22.54329168644788
157892913,56451.27,0.00382213,2021-04-19T10:18:55.886173Z,56451.72,56458.61,19430.89900026,32.02957033840138
157893016,56373.96,0.01132427,2021-04-19T10:19:26.846275Z,56370.44,56379.47,19437.03987921,54.9560586656925
157893139,56395.02,0.00136443,2021-04-19T10:19:55.209218Z,56372.2,56375.52,19437.03987921,54.85379534791004
157893226,56393.6,0.00186794,2021-04-19T10:20:26.766511Z,56393.59,56393.6,19444.4756135,37.09198598180159
157893346,56454.16,0.00347472,2021-04-19T10:20:55.94908Z,56454.15,56454.16,19449.49471358,32.804537736030014
157893425,56481.63,0.00066963,2021-04-19T10:21:26.83861Z,56472.86,56480.64,19449.49471358,41.00066614182985
157893576,56441.89,0.51409532,2021-04-19T10:21:56.488642Z,56444.03,56449.74,19455.12040426,34.31080587908144
157893682,56468.08,0.00176649,2021-04-19T10:22:24.558771Z,56468.07,56468.08,19455.12040426,30.22826187642885
157893764,56441.67,0.0003777,2021-04-19T10:22:56.96198Z,56441.67,56441.68,19466.21417637,15.489408770789032
157893891,56489.55,0.00590223,2021-04-19T10:23:26.458334Z,56489.54,56489.55,19473.99856937,19.830059608272776
157893971,56394.95,0.00042387,2021-04-19T10:23:56.155583Z,56392.7,56392.71,19473.99856937,31.680695953058784
157894074,56378.97,0.00171204,2021-04-19T10:24:25.468005Z,56378.96,56378.97,19478.61990017,42.088496101333064
157894175,56436.6,0.00070266,2021-04-19T10:24:56.005249Z,56437.12,56437.13,19478.61990017,38.845512689020055
157894303,56489.46,0.001474,2021-04-19T10:25:26.456241Z,56486.42,56486.43,19484.81951069,46.14172367902488
157894417,56561.22,0.00026099,2021-04-19T10:25:56.222571Z,56561.22,56561.23,19489.20151572,66.56908501751903
157894492,56595.32,0.00867788,2021-04-19T10:26:26.283215Z,56596.36,56596.37,19489.20151572,79.14206254618632
157894588,56601.16,0.00184175,2021-04-19T10:26:56.569476Z,56601.15,56601.16,19493.74549284,63.94410133905126
157894702,56527.94,0.00668973,2021-04-19T10:27:26.454744Z,56520.39,56524.45,19493.74549284,42.00683182598222
157894785,56517.32,0.03691889,2021-04-19T10:27:56.343817Z,56516.55,56521.56,19504.66177706,34.03177950174875
157894862,56592.75,0.0339,2021-04-19T10:28:26.627565Z,56592.75,56592.76,19508.2940636,36.402539692374226
157894911,56580.73,0.00346465,2021-04-19T10:28:56.425358Z,56580.72,56580.73,19508.2940636,34.54465226421088
157895050,56581.6,0.00018838,2021-04-19T10:29:26.134249Z,56578.35,56578.36,19511.17503816,31.04273918415775
157895114,56549.79,0.00147226,2021-04-19T10:29:56.256731Z,56549.78,56549.79,19511.17503816,27.554319734936225
157895205,56583.36,0.00032569,2021-04-19T10:30:26.683746Z,56576.25,56583.34,19517.25142407,14.573143245489025
157895308,56629.82,0.04103565,2021-04-19T10:30:56.763597Z,56629.82,56629.83,19522.03166427,25.616561050472896
157895382,56562.52,0.00151602,2021-04-19T10:31:26.360613Z,56559.78,56559.79,19522.03166427,27.217725401896683
157895461,56526.82,0.096,2021-04-19T10:31:57.606886Z,56526.81,56526.82,19528.81393056,34.88484393048516
157895572,56527.39,0.00079552,2021-04-19T10:32:28.005659Z,56527.39,56527.4,19528.81393056,38.50266297355035
157895651,56564.6,0.00646,2021-04-19T10:32:57.896831Z,56569.95,56572.77,19540.1415409,37.52813024992337
157895732,56545.52,0.00437741,2021-04-19T10:33:27.575615Z,56542.73,56542.74,19543.08295124,16.317602766861096
157895805,56510.64,0.00041386,2021-04-19T10:33:57.110733Z,56510.63,56510.64,19543.08295124,18.466533623240124
157895871,56475.02,0.00032594,2021-04-19T10:34:27.854449Z,56475.01,56475.02,19548.88717395,30.654470213322927
157895989,56504.67,0.00037849,2021-04-19T10:34:53.332547Z,56508.66,56508.67,19548.88717395,31.579134884604244
157896055,56451.87,0.00441889,2021-04-19T10:35:24.534214Z,56445.96,56445.97,19556.74309508,31.991956865162546
157896153,56413.34,0.03099283,2021-04-19T10:35:56.91814Z,56416.41,56421.74,19558.95334151,35.809867579556844
157896252,56417.21,0.00001098,2021-04-19T10:36:26.898715Z,56415.46,56417.21,19558.95334151,34.66443560866554
157896343,56493.69,0.00433884,2021-04-19T10:36:55.819242Z,56493.68,56493.69,19571.57351219,37.7644804554091
157896410,56448.98,0.26291658,2021-04-19T10:37:26.742962Z,56449.55,56457.03,19571.57351219,29.01169240268883
157896502,56413.29,0.0104215,2021-04-19T10:37:58.08575Z,56413.28,56413.29,19575.64172569,31.21033252096236
157896537,56458.88,0.00035253,2021-04-19T10:38:24.105973Z,56468.16,56468.17,19577.85825107,29.485856271575244
157896616,56424.97,0.12,2021-04-19T10:38:57.933884Z,56433.92,56433.93,19577.85825107,28.078706096752075
157896691,56400.26,0.00063,2021-04-19T10:39:24.686808Z,56400,56400.01,19586.04648346,21.820479006419664
157896765,56368.87,0.00175059,2021-04-19T10:39:58.045692Z,56368.86,56368.87,19586.04648346,29.522131767051587
157896905,56380.14,0.00027472,2021-04-19T10:40:28.368485Z,56379.13,56379.18,19591.54524554,32.35593460359143
157897110,56250.01,0.00375802,2021-04-19T10:40:58.376561Z,56255.38,56255.39,19598.73088029,60.508598728416565
157897241,56295,0.00710886,2021-04-19T10:41:28.938782Z,56294.83,56294.84,19598.73088029,56.90803198213323
157897321,56339.41,0.00015917,2021-04-19T10:41:58.795307Z,56339.4,56339.41,19610.3961821,48.33618048709315
157897410,56372.9,0.00015917,2021-04-19T10:42:28.310437Z,56372.89,56372.9,19610.3961821,49.06103847332185
157897487,56420.03,0.01944285,2021-04-19T10:42:57.461061Z,56421.76,56421.77,19613.44217255,59.1745800160825
157897565,56467.08,0.02432576,2021-04-19T10:43:28.983981Z,56467.07,56469.33,19617.30370282,60.16985644053748
157897665,56456.74,0.00407378,2021-04-19T10:43:58.325553Z,56455.77,56455.78,19617.30370282,48.7752475757045
157897749,56443.84,0.02567219,2021-04-19T10:44:28.85112Z,56434.56,56440.73,19619.90302531,33.52277100821369
157897797,56415.99,0.00434461,2021-04-19T10:44:59.025445Z,56412.3,56415.99,19619.90302531,20.00436012643979
157897898,56471.45,0.00026556,2021-04-19T10:45:28.940633Z,56471.44,56471.45,19621.09681452,19.933289745225256
157898033,56526.57,0.0057,2021-04-19T10:45:58.808164Z,56526.56,56526.57,19626.11586185,36.68445741817293
157898140,56568.51,0.00214612,2021-04-19T10:46:28.740791Z,56568.5,56568.51,19626.11586185,55.39267691729094
157898194,56549.46,0.01126567,2021-04-19T10:46:58.618152Z,56547.65,56547.66,19632.95403808,55.702989363775636
157898269,56525.42,0.00881472,2021-04-19T10:47:28.114038Z,56525.41,56525.42,19632.95403808,32.581583387832744
157898332,56525.42,0.0017074,2021-04-19T10:47:59.443589Z,56525.41,56525.42,19635.27497919,17.341052564853438
157898417,56439.18,0.04254694,2021-04-19T10:48:28.303879Z,56421.87,56421.88,19638.17739398,44.2695581190843
157898509,56445.73,0.00032648,2021-04-19T10:48:58.78771Z,56440.67,56440.68,19638.17739398,45.473510707460605
157898591,56400.01,0.02041146,2021-04-19T10:49:28.482396Z,56400,56400.01,19645.1488454,50.079342408468484
157898656,56376.55,0.001064,2021-04-19T10:49:58.084257Z,56376.55,56376.56,19645.1488454,50.834653299375844
157898756,56385.59,0.0488,2021-04-19T10:50:28.895579Z,56385.59,56385.6,19647.74306766,28.07464080038892
157898838,56330.46,0.000159,2021-04-19T10:50:58.946419Z,56322.19,56329.71,19649.97726469,37.21344939767409
157898876,56349.31,0.0078,2021-04-19T10:51:27.658147Z,56349.31,56349.32,19649.97726469,25.15941621094054
157898957,56327.37,0.005,2021-04-19T10:51:58.782589Z,56313.16,56325.39,19651.18017178,23.62884474697886
157899041,56291.64,0.05846,2021-04-19T10:52:28.112479Z,56291.64,56291.65,19651.18017178,30.677297535448897
157899130,56246.56,0.47765158,2021-04-19T10:52:58.808028Z,56246.89,56246.9,19655.62194722,36.3950125165679
157899283,56250.65,0.0108,2021-04-19T10:53:28.489156Z,56258.13,56258.14,19662.37225685,40.75316557130833
157899367,56236.53,0.00100826,2021-04-19T10:53:58.442494Z,56236.52,56236.53,19662.37225685,34.06520512318127
157899478,56298.37,0.01284879,2021-04-19T10:54:28.535389Z,56298.36,56298.37,19669.98243097,25.216784094821623
157899608,56297.02,0.00010634,2021-04-19T10:54:57.871098Z,56288.83,56288.84,19669.98243097,26.426966986105757
157899702,56344.39,0.10663629,2021-04-19T10:55:28.770979Z,56330.51,56343.75,19677.53735059,38.41589379518929
157899788,56351.22,0.001713,2021-04-19T10:55:58.772715Z,56351.21,56351.22,19683.1801143,41.188247159619124
157899913,56411,0.00460832,2021-04-19T10:56:27.941614Z,56410.99,56411,19683.1801143,41.870509431810135
157900031,56484.21,0.004606,2021-04-19T10:56:59.84971Z,56481.71,56485.32,19691.39505604,64.45648436019938
157900144,56499,0.00191046,2021-04-19T10:57:29.081987Z,56498.99,56499,19691.39505604,64.60922243823701
157900239,56513.14,0.00559465,2021-04-19T10:58:00.01213Z,56513.14,56513.15,19695.22877149,61.35435293498904
157900312,56487.92,0.00526908,2021-04-19T10:58:29.63837Z,56487.92,56487.93,19707.69160103,35.48587189388576
157900389,56492.27,0.00024942,2021-04-19T10:58:59.978493Z,56492.26,56492.27,19707.69160103,10.184190496461127
157900480,56537.34,0.00918874,2021-04-19T10:59:28.521802Z,56543.2,56543.21,19710.31796877,17.874857875448434
157900567,56600,0.005087,2021-04-19T10:59:59.155505Z,56597.39,56598.44,19710.31796877,40.88443400691944
157900669,56563.32,0.00008795,2021-04-19T11:00:28.815083Z,56561.7,56563.32,19712.27003506,42.58645982076285
157900727,56560.06,0.0005239,2021-04-19T11:00:59.62135Z,56560.05,56560.06,18160.19846469,35.411485369360285
157900859,56573.65,0.00532875,2021-04-19T11:01:29.36818Z,56573.64,56573.65,18160.19846469,20.36941197146366
157900983,56652.95,0.00432906,2021-04-19T11:01:59.86022Z,56652.94,56652.95,18165.02994729,34.462300910726725
157901115,56671.48,0.00398241,2021-04-19T11:02:30.041387Z,56671.47,56671.48,18165.02994729,47.8663453384578
157901251,56690,0.1269,2021-04-19T11:03:00.299755Z,56690,56690.01,18169.13774279,52.75135463718956
157901355,56704.65,0.02883251,2021-04-19T11:03:29.912221Z,56700.36,56704.29,18174.11286873,45.87127057381606
157901465,56693.18,0.00122689,2021-04-19T11:03:59.786516Z,56693.17,56693.18,18174.11286873,18.196517690329124
157901539,56705.98,0.000184,2021-04-19T11:04:27.942296Z,56705.98,56705.99,18179.293667,12.460568849517978
157901633,56718.71,0.01728553,2021-04-19T11:05:00.168225Z,56718.7,56718.71,18179.293667,10.223593499980845
157901752,56781.8,0.45677691,2021-04-19T11:05:30.024946Z,56771.08,56782.49,18182.31440876,31.523536985108905
157901937,56867.42,0.00336525,2021-04-19T11:05:59.54073Z,56867.41,56867.42,18187.3188019,64.63067333742626
157902078,56849.94,0.00130942,2021-04-19T11:06:29.842297Z,56849.93,56849.94,18187.3188019,65.81604667592094
157902164,56817.84,0.01651495,2021-04-19T11:06:59.923019Z,56817.83,56817.84,18204.1459676,52.994318337399065
157902255,56888.61,0.000145,2021-04-19T11:07:29.746732Z,56888.6,56888.61,18204.1459676,37.64466304860756
157902332,56870.35,0.00064373,2021-04-19T11:08:00.208984Z,56870.35,56870.36,18213.11693107,23.885389175018545
157902399,56908.61,0.00169732,2021-04-19T11:08:29.943983Z,56908.6,56908.61,18219.97077894,31.360265943412067
157902457,56877.01,0.00861397,2021-04-19T11:08:58.434465Z,56877,56877.01,18219.97077894,30.25273911633735
157902541,56862.01,0.00251634,2021-04-19T11:09:30.084337Z,56857.23,56862.01,18222.15784289,16.18444487897247
157902629,56868.96,0.05172898,2021-04-19T11:09:59.807764Z,56868.95,56868.96,18222.15784289,16.321787158298104
157902697,56873.89,0.00524858,2021-04-19T11:10:29.846539Z,56863.45,56873.43,18224.14376682,16.076068674919583
157902790,56837.74,0.00084043,2021-04-19T11:10:59.168705Z,56832.27,56837.38,18226.15774398,14.037030171717879
157902944,56864.18,0.5691,2021-04-19T11:11:29.44876Z,56861.95,56861.96,18226.15774398,12.49832084889359
157903056,56832.38,0.00063047,2021-04-19T11:11:59.930848Z,56832.37,56832.38,18237.57017182,16.99784457048484
157903161,56874.57,0.00663832,2021-04-19T11:12:29.666995Z,56874.55,56874.56,18237.57017182,18.008985980401626
157903238,56839.28,0.0002,2021-04-19T11:13:01.665245Z,56844.02,56844.03,18245.92107158,16.611822297471623
157903381,56842.58,0.00306969,2021-04-19T11:13:31.260573Z,56839.21,56844.09,18248.12741075,16.021288838376663
157903673,56963.37,0.0056,2021-04-19T11:14:02.503836Z,56963.36,56963.37,18248.12741075,48.68003804478129
157903878,57010.29,0.001009,2021-04-19T11:14:32.1591Z,57007.5,57007.51,18267.76033557,68.74477300885194
157904055,57028.16,0.00303452,2021-04-19T11:15:02.166103Z,57028.14,57028.15,18267.76033557,81.04434948863667
157904160,57063.22,0.00036986,2021-04-19T11:15:32.076967Z,57063.22,57063.23,18278.61165828,76.56583901475035
157904272,57112.06,0.1030452,2021-04-19T11:16:01.794787Z,57114.93,57114.94,18291.29940501,50.04389393350776
157904420,57079,0.03666019,2021-04-19T11:16:32.00046Z,57070.39,57078.33,18291.29940501,36.21025026185652
157904560,57051.74,0.0137,2021-04-19T11:17:01.478407Z,57040.7,57040.71,18299.26714735,28.035587099712167
157904765,57028.77,0.0085,2021-04-19T11:17:31.65491Z,57023.1,57028.1,18299.26714735,27.867844122314366
157904983,56965.32,0.01890397,2021-04-19T11:18:01.767154Z,56961.03,56968.48,18314.39955845,49.56311547942929
157905108,56987.3,0.00083767,2021-04-19T11:18:31.783082Z,56987.29,56987.3,18334.78681496,41.46107938813448
157905202,56946.97,0.00691,2021-04-19T11:19:01.58336Z,56946.96,56946.97,18334.78681496,38.99156780678388
157905311,56983.4,0.00028835,2021-04-19T11:19:29.681258Z,56983.39,56983.4,18343.44744329,27.28437897464351
157905408,56935.8,0.00012319,2021-04-19T11:20:02.266374Z,56935.8,56941.49,18343.44744329,20.029780229279563
157905593,56920.67,0.00450367,2021-04-19T11:20:32.058721Z,56916.94,56922.81,18351.30863552,26.31110746498139
157905685,56923.98,0.0147404,2021-04-19T11:21:01.718804Z,56919.95,56922.34,18374.45769239,22.612632399489815
157905793,56949.6,0.0082697,2021-04-19T11:21:31.163222Z,56949.6,56949.61,18374.45769239,22.748489181359414
157905884,56921.88,0.00125888,2021-04-19T11:22:00.81207Z,56914.94,56914.95,18378.88158039,11.01161859287529
157905976,56908.07,0.07131804,2021-04-19T11:22:32.194846Z,56903.93,56908.04,18378.88158039,13.573360675792802
157906042,56895.08,0.00168157,2021-04-19T11:23:02.037855Z,56895.07,56895.08,18381.87401595,18.212521407957333
157906115,56876.34,0.00087472,2021-04-19T11:23:31.461069Z,56876.33,56876.34,18386.32269915,24.772699167340978
157906220,56898.17,0.005223,2021-04-19T11:24:00.512663Z,56894.85,56894.86,18386.32269915,15.041062995540603
157906325,56909.54,0.0001576,2021-04-19T11:24:31.898539Z,56906.8,56909.54,18389.17965863,11.922410831535283
157906426,56949.6,0.00632836,2021-04-19T11:25:01.958368Z,56933.46,56941.71,18389.17965863,24.386225292891332
157906531,56886.82,0.0014065,2021-04-19T11:25:31.845066Z,56886.82,56886.83,18393.52561935,25.314913865856557
157906623,56868.49,0.00344755,2021-04-19T11:26:01.284194Z,56871.22,56871.23,18396.54452561,27.163431742616496
157906688,56890.29,0.00252294,2021-04-19T11:26:31.413506Z,56878.23,56885.15,18396.54452561,27.595487602791824
157906751,56862.2,0.00169716,2021-04-19T11:27:02.160923Z,56859.86,56861.94,18398.87683239,30.941637319900014
157906867,56872.48,0.0178,2021-04-19T11:27:31.461323Z,56872.12,56872.13,18398.87683239,10.774890441988727
157906945,56870.88,0.03447937,2021-04-19T11:28:02.158198Z,56870.87,56870.88,18403.94336328,9.387245391326088
157907006,56858.9,0.00169727,2021-04-19T11:28:31.941579Z,56858.89,56858.9,18410.98047561,10.937517087393982
157907070,56854.84,0.25882239,2021-04-19T11:29:01.214763Z,56856.86,56856.87,18410.98047561,6.816192488279636
157907154,56863.21,0.00169766,2021-04-19T11:29:31.917543Z,56863.2,56863.21,18413.15283723,6.77886834488413
157907232,56871.97,0.00052644,2021-04-19T11:30:01.823072Z,56869.06,56869.07,18413.15283723,6.654126542023845
157907362,56955.79,0.00339943,2021-04-19T11:30:31.762344Z,56958.86,56958.87,18418.92384104,37.85315807216984
157907453,57018.13,0.00129778,2021-04-19T11:31:03.693546Z,57018.37,57018.38,18430.07687759,63.91895944111993
157907592,57080.09,0.00077812,2021-04-19T11:31:33.751648Z,57080.08,57080.09,18430.07687759,83.56152569235226
157907689,57075.84,0.00335194,2021-04-19T11:32:02.697065Z,57063.01,57072.23,18435.60644068,78.53706528787497
157907815,57054.65,0.00083893,2021-04-19T11:32:33.857042Z,57054.64,57054.65,18435.60644068,46.10402845772537
157907929,57018.51,0.00320259,2021-04-19T11:33:03.321471Z,57018.76,57018.77,18446.44284593,26.834707079272693
157908027,56983.26,0.00012595,2021-04-19T11:33:33.609405Z,56981.29,56985.66,18453.27151785,36.761608779139245
157908116,56943.39,0.01382898,2021-04-19T11:34:04.030811Z,56945.26,56950.06,18453.27151785,47.793897937197976
157908214,56996.17,0.00065179,2021-04-19T11:34:31.623892Z,56992.08,56996.17,18454.34720932,36.94752798269137
157908299,56995.9,0.00104755,2021-04-19T11:35:04.012981Z,56995.89,56995.9,18454.34720932,24.783075354603692
157908401,57001.12,0.00083821,2021-04-19T11:35:34.098965Z,56995.56,57001.13,18460.64386019,21.130678551149664
157908515,57016.9,0.00015723,2021-04-19T11:36:03.678189Z,57016.89,57016.9,18472.7634494,24.860463874027225
157908613,56943.17,0.00869628,2021-04-19T11:36:33.403678Z,56935.76,56942.5,18472.7634494,24.944204457785766
157908698,56932.31,0.00504469,2021-04-19T11:37:03.285099Z,56932.3,56932.84,18481.16248892,33.67131538910125
157908780,56928.34,0.00052435,2021-04-19T11:37:33.255075Z,56928.33,56928.34,18481.16248892,37.10904978617541
157908917,56937.33,0.133,2021-04-19T11:38:04.18845Z,56919.71,56931.61,18488.59462592,33.02096001077534
157909052,56864.23,0.01590753,2021-04-19T11:38:33.622946Z,56884.91,56890.4,18503.90506258,28.854024052704755
157909110,56899.99,0.00257085,2021-04-19T11:39:03.205471Z,56899.98,56899.99,18503.90506258,27.37278064125689
157909179,56900,0.00169649,2021-04-19T11:39:34.141281Z,56899.99,56900,18516.01660773,25.680712919126528
157909271,56941.49,0.07359475,2021-04-19T11:40:03.909993Z,56941.48,56941.49,18516.01660773,28.368833885700308
157909364,57013.55,0.00041038,2021-04-19T11:40:33.48592Z,57013.54,57013.55,18522.32826921,51.088014406844145
157909429,57037.22,0.00268439,2021-04-19T11:41:03.636443Z,57037.21,57037.22,18533.91902587,57.20548680006808
157909518,57041.69,0.05775194,2021-04-19T11:41:33.762348Z,57041.68,57041.69,18533.91902587,56.316758784855786
157909622,57060.25,0.00107107,2021-04-19T11:42:04.1241Z,57064.28,57071.76,18538.47065069,41.43848838978146
157909691,57086.21,0.00037318,2021-04-19T11:42:33.592819Z,57086.2,57086.21,18538.47065069,24.3008654995743
157909769,57032.9,0.00186002,2021-04-19T11:43:04.065712Z,57030.78,57032.89,18544.33369719,19.633351828667077
157909904,57064.44,0.02811382,2021-04-19T11:43:34.03672Z,57064.43,57064.44,18549.83560647,18.62416859964187
157910063,57009.77,0.03368074,2021-04-19T11:44:03.315551Z,57009.2,57015.56,18549.83560647,26.582152358835312
157910246,57031.11,0.00343724,2021-04-19T11:44:33.659391Z,57031.1,57031.11,18567.95042619,27.04295738318338
157910323,57022.9,0.00397879,2021-04-19T11:45:02.671787Z,57022.9,57022.91,18567.95042619,18.059278613206367
157910417,57056.04,0.17182727,2021-04-19T11:45:31.897351Z,57056.03,57056.04,18591.24481161,20.446714553422876
157910664,57087.68,0.05296804,2021-04-19T11:46:03.87584Z,57087.67,57087.68,18593.67017373,27.58517355444694
157910837,57128,0.00083681,2021-04-19T11:46:32.843327Z,57127.99,57128,18593.67017373,38.68979069506482
157911000,57194.18,0.00083621,2021-04-19T11:47:03.661846Z,57194.17,57194.18,18608.30642579,59.42635509625717
157911258,57223.02,0.00099611,2021-04-19T11:47:33.764398Z,57223.01,57223.02,18608.30642579,62.823408885737706
157911510,57290.4,0.00942863,2021-04-19T11:48:03.035004Z,57287.23,57287.24,18620.0144749,71.21593012818457
157911679,57315.43,0.00083279,2021-04-19T11:48:33.806798Z,57311.82,57311.83,18636.24885095,67.35284035599537
157911806,57270.04,0.00087714,2021-04-19T11:49:03.470874Z,57267.56,57267.57,18636.24885095,44.243947202059125
157911908,57257.97,0.34102864,2021-04-19T11:49:33.433991Z,57256.36,57256.37,18643.54969594,31.056322641578255
157912043,57161.2,0.03731437,2021-04-19T11:50:04.01413Z,57152.8,57161.42,18643.54969594,52.646152908058255
157912164,57206.16,0.0286,2021-04-19T11:50:34.215727Z,57206.15,57206.16,18647.95065052,53.37839450582647
157912247,57176.28,0.01662385,2021-04-19T11:51:03.749236Z,57172.9,57176.96,18659.58385414,43.232862500897305
157912308,57179.97,0.02771345,2021-04-19T11:51:33.179205Z,57179.96,57179.97,18659.58385414,34.05843954180248
157912404,57218.59,0.00174998,2021-04-19T11:52:04.345925Z,57218.59,57222.15,18663.7925983,20.90284669663668
157912525,57165.01,0.00857533,2021-04-19T11:52:33.794594Z,57165,57165.01,18663.7925983,19.943365213097845
157912611,57154.09,0.01105721,2021-04-19T11:53:04.268025Z,57149.35,57158.01,18668.26956484,21.87103509264376
157912711,57145.23,0.0019397,2021-04-19T11:53:35.988635Z,57156.86,57156.87,18670.28249418,25.763305999502254
157912766,57153.09,0.02737092,2021-04-19T11:54:04.108054Z,57151.65,57153.05,18670.28249418,26.455144226111358
157912878,57138.61,0.00168975,2021-04-19T11:54:35.548723Z,57134.14,57138.61,18672.64419659,8.908300849515664
157912965,57100,0.01931049,2021-04-19T11:55:05.859243Z,57102.85,57113.12,18672.64419659,19.91498491152687
157913058,57151.29,0.00015685,2021-04-19T11:55:34.322582Z,57146.14,57149.46,18675.83545607,19.495350831067473
157913132,57154.01,0.23846173,2021-04-19T11:56:06.079156Z,57150.15,57154.02,18679.97306433,20.470585727484828
157913215,57125.88,0.00957731,2021-04-19T11:56:34.327688Z,57123.78,57123.79,18679.97306433,19.71051435215884
157913304,57111.56,0.000488,2021-04-19T11:57:05.892464Z,57111.55,57111.56,18685.39605798,21.33640400880527
157913419,57163.08,0.00130126,2021-04-19T11:57:35.169743Z,57163.08,57163.09,18690.01760355,19.2762243197788
157913489,57129.73,0.00015684,2021-04-19T11:58:05.405156Z,57127.04,57129.19,18690.01760355,18.93725365586511
157913595,57197.91,0.08008453,2021-04-19T11:58:35.557561Z,57197.9,57197.91,18700.1398354,31.11699947016383
157913665,57168.09,0.0002,2021-04-19T11:59:05.817847Z,57168.08,57168.09,18700.1398354,30.328935754913168
157913739,57170.11,0.00064088,2021-04-19T11:59:35.234645Z,57168.08,57168.09,18705.76722866,21.740811025003772
157913826,57175.01,0.42863427,2021-04-19T12:00:05.793753Z,57175,57175.01,18709.2144839,21.96659645973404
157913921,57109.1,0.00144757,2021-04-19T12:00:35.559281Z,57107.47,57107.49,18709.2144839,29.459018042446147
157914007,57113.47,0.00015697,2021-04-19T12:01:05.799929Z,57112.36,57112.37,16960.65980319,29.407378394309628
157914098,57103.62,0.00313162,2021-04-19T12:01:36.016096Z,57103.62,57103.63,16960.65980319,31.46377053099367
157914192,57157.47,0.01482,2021-04-19T12:02:05.882618Z,57157.17,57157.18,16964.35044613,28.883983520754402
157914286,57196.08,0.00686637,2021-04-19T12:02:35.697493Z,57196.07,57196.08,16969.12411921,35.63770217097162
157914383,57168.63,0.00114215,2021-04-19T12:03:06.177247Z,57168.63,57168.64,16969.12411921,34.60856229354129
157914526,57108.57,0.03006837,2021-04-19T12:03:36.101198Z,57108.57,57108.58,16991.72701819,35.62284132443659
157914655,57117.15,0.00045339,2021-04-19T12:04:06.79665Z,57114.96,57114.98,16991.72701819,32.621862608163255
157914744,57140.88,0.00350984,2021-04-19T12:04:34.334055Z,57140.87,57140.88,17008.14379823,32.494066781893274
157914834,57100.71,0.00146377,2021-04-19T12:05:03.458224Z,57100.7,57100.71,17008.14379823,24.71188410517406
157914977,57107.2,0.06722509,2021-04-19T12:05:34.674571Z,57100.69,57100.7,17015.13504977,14.005269580717771
157915049,57094.88,0.00169048,2021-04-19T12:06:05.927403Z,57093.68,57093.69,17020.38709197,16.14955677499475
157915157,57131.96,0.00190378,2021-04-19T12:06:36.712915Z,57131.95,57131.96,17020.38709197,18.03992860375501
157915250,57136.21,0.00064973,2021-04-19T12:07:06.756843Z,57128.28,57135.94,17023.18128253,16.75768408905805
157915362,57098.12,0.00144274,2021-04-19T12:07:36.681954Z,57098.12,57098.13,17026.33347229,17.200599525269297
157915426,57098.86,0.01717171,2021-04-19T12:08:06.381884Z,57105.35,57105.36,17026.33347229,18.126962901402184
157915497,57103.88,0.01750985,2021-04-19T12:08:34.531008Z,57098.22,57098.23,17028.55281944,16.730008488601282
157915603,57074.16,0.0008715,2021-04-19T12:09:06.843552Z,57074.15,57074.16,17028.55281944,19.867236950054373
157915691,57095.74,0.007,2021-04-19T12:09:36.837758Z,57095.74,57095.75,17030.91771215,10.34162540562765
157915772,57099.28,0.00858432,2021-04-19T12:10:06.558606Z,57098.23,57099.28,17034.66635546,10.440577763241834
157915831,57105.47,0.00083655,2021-04-19T12:10:35.853343Z,57105.46,57105.47,17034.66635546,11.306234741512974
157915968,57105.47,0.00108082,2021-04-19T12:11:05.676442Z,57105.47,57107.91,17044.33979738,11.551368058813866
157916066,57068.15,0.00164313,2021-04-19T12:11:35.900661Z,57068.14,57068.15,17044.33979738,13.848262563595005
157916155,57091.09,0.00167606,2021-04-19T12:12:05.685177Z,57091.08,57091.09,17046.70683158,13.911380090786734
157916274,57155.12,0.0094294,2021-04-19T12:12:37.09839Z,57155.12,57155.13,17053.92629675,28.509117138726825
157916340,57130.84,0.00003814,2021-04-19T12:13:06.89789Z,57130.83,57130.84,17053.92629675,30.3300567758993
157916443,57137.19,0.00083631,2021-04-19T12:13:36.232152Z,57137.18,57137.19,17055.55763886,31.96436853793329
157916516,57119.85,0.00858188,2021-04-19T12:14:06.148122Z,57119.84,57119.85,17055.55763886,21.2122656976581
157916611,57137.19,0.00260334,2021-04-19T12:14:36.373877Z,57137.18,57137.19,17063.44621714,11.452925217049847
157916686,57118.59,0.00015674,2021-04-19T12:15:06.289545Z,57118.58,57118.59,17066.88215442,8.115038880242892
157916772,57129.89,0.00087799,2021-04-19T12:15:36.301786Z,57135.09,57135.1,17066.88215442,8.074479303823141
157916849,57137.19,0.00165794,2021-04-19T12:16:06.679325Z,57137.18,57137.19,17068.42614455,8.074479303823141
157916909,57135.16,0.00087791,2021-04-19T12:16:36.145108Z,57135.09,57135.1,17068.42614455,7.033547044531536
157917009,57135.29,0.01217249,2021-04-19T12:17:06.501005Z,57135.28,57135.29,17070.05993793,6.767793143090255
157917090,57128.45,0.00125422,2021-04-19T12:17:37.006557Z,57128.44,57128.45,17075.680037,3.395535896952375
157917205,57103.17,0.10300125,2021-04-19T12:18:05.767215Z,57103.16,57103.17,17075.680037,12.69242041645149
157917275,57103.3,0.00824116,2021-04-19T12:18:35.71977Z,57103.84,57103.85,17082.73075248,14.774191823193002
157917378,57111.23,0.00165512,2021-04-19T12:19:07.170843Z,57111.22,57111.23,17082.73075248,13.231354277960362
157917454,57104.05,0.0013065,2021-04-19T12:19:36.787141Z,57104.27,57104.28,17092.92010855,9.68347871528846
157917550,57128.45,0.06469732,2021-04-19T12:20:06.870266Z,57128.44,57128.45,17095.78671808,9.68347871528846
157917647,57155.13,0.00032225,2021-04-19T12:20:36.894322Z,57155.12,57155.13,17095.78671808,19.569321297082727
157917764,57194.2,0.01714191,2021-04-19T12:21:06.879582Z,57192.52,57194.2,17102.02073773,32.89511234251677
157917900,57144.81,0.01013689,2021-04-19T12:21:36.57682Z,57136.78,57151.98,17102.02073773,29.911737094763385
157917999,57117.59,0.00686275,2021-04-19T12:22:06.176156Z,57117.58,57117.59,17107.35469172,26.466647389234815
157918138,57060.14,0.01021138,2021-04-19T12:22:37.035282Z,57060.14,57060.15,17116.06183991,44.52249166463164
157918277,57018.32,0.00083755,2021-04-19T12:23:10.6541Z,57018.31,57018.32,17116.06183991,61.97674641371037
157918481,56986.26,0.00677896,2021-04-19T12:23:39.300009Z,56986.25,56986.26,17121.94171893,59.22343272753218
157918611,57000,0.00083817,2021-04-19T12:24:09.26543Z,56999.99,57000,17121.94171893,47.584137021014065
157918782,56950.29,0.00620021,2021-04-19T12:24:39.527699Z,56953.85,56958.42,17134.40951595,36.241560894050046
157918876,56950.58,0.00516435,2021-04-19T12:25:08.984071Z,56950.49,56950.5,17151.83926751,27.01810504159479
157919002,56977.39,0.00088347,2021-04-19T12:25:39.884514Z,56977.38,56977.39,17151.83926751,19.71017057356962
157919080,56965.92,0.54662962,2021-04-19T12:26:09.676311Z,56965.91,56965.92,17154.65271274,18.60163713331456
157919162,56966.1,0.00048925,2021-04-19T12:26:39.138325Z,56966.09,56966.1,17154.65271274,10.359086062005515
157919276,56994.14,0.00064623,2021-04-19T12:27:08.846264Z,56994.13,56994.14,17156.46098803,14.442528311876622
157919410,57016.37,0.00901253,2021-04-19T12:27:39.89321Z,57016.36,57016.37,17179.91346248,19.191788453356565
157919512,57061.49,0.0001572,2021-04-19T12:28:09.824905Z,57061.48,57061.49,17179.91346248,35.75125430019171
157919607,57061.65,0.00084776,2021-04-19T12:28:39.913075Z,57061.65,57061.66,17187.50351395,37.5320039437731
157919702,57061.41,0.07192605,2021-04-19T12:29:09.713214Z,57061.4,57061.41,17187.50351395,28.444916875144475
157919785,57061.81,0.01835521,2021-04-19T12:29:40.132127Z,57061.8,57061.81,17189.89952445,18.088521886346204
157919902,57092,0.05117,2021-04-19T12:30:09.029296Z,57099.99,57100,17191.25775344,12.164776037056052
157920046,57206.51,0.01715067,2021-04-19T12:30:41.22023Z,57206.5,57206.51,17191.25775344,56.16319421142109
157920238,57114.94,0.01946719,2021-04-19T12:31:08.56098Z,57109.25,57112.98,17208.23404919,53.49824318637998
157920367,57134,0.07426686,2021-04-19T12:31:41.97866Z,57118.55,57134,17208.23404919,48.70012377836462
157920474,57067.83,0.00167582,2021-04-19T12:32:11.954905Z,57067.82,57067.83,17221.77297396,47.25377639964782
157920596,57028.38,0.01718552,2021-04-19T12:32:42.070453Z,57028.37,57028.38,17225.60809937,60.58740113281804
157920690,57013.31,0.00062842,2021-04-19T12:33:11.794807Z,57013.3,57013.31,17225.60809937,47.01484591096732
157920817,56994.21,0.00859949,2021-04-19T12:33:41.605078Z,56994.2,56994.21,17228.6006689,49.537668334650604
157920959,56952.96,0.00372469,2021-04-19T12:34:11.650315Z,56952.95,56952.96,17228.6006689,37.913121423019504
157921092,56922.05,0.00015747,2021-04-19T12:34:41.613894Z,56914.91,56922.91,17231.99345864,39.28781765431522
157921259,56973.4,0.0072407,2021-04-19T12:35:12.106777Z,56973.33,56973.4,17240.68286773,31.79928087299509
157921366,56926.39,0.0281655,2021-04-19T12:35:41.900511Z,56926.38,56926.39,17240.68286773,27.485284354378543
157921512,56907.44,0.00168132,2021-04-19T12:36:11.904007Z,56907.43,56907.44,17251.31647734,23.613666721676065
157921650,56881.87,0.0043732,2021-04-19T12:36:41.466826Z,56881.86,56881.87,17251.31647734,29.94455075708254
157921792,56860.79,0.26025951,2021-04-19T12:37:10.911749Z,56853.68,56853.69,17256.42868915,38.74961749546009
157921894,56850.1,0.00169751,2021-04-19T12:37:41.804949Z,56850.09,56850.1,17264.37179674,28.39053039388913
157921994,56902.5,0.0043098,2021-04-19T12:38:11.827597Z,56902.49,56902.5,17264.37179674,22.46898573693733
157922087,56865.56,0.00689092,2021-04-19T12:38:41.806744Z,56857.58,56864.95,17285.25608003,18.29907167173476
157922222,56839.05,0.00169782,2021-04-19T12:39:11.031217Z,56839.04,56839.05,17285.25608003,21.49372094468072
157922379,56819.54,0.01701293,2021-04-19T12:39:41.723454Z,56819.53,56819.54,17296.44384732,27.9391309823401
157922478,56814.94,0.00862813,2021-04-19T12:40:11.496944Z,56810.79,56814.94,17316.59859814,32.43805074366842
157922581,56799.16,0.004315,2021-04-19T12:40:42.053898Z,56799.15,56800,17316.59859814,22.83034997651641
157922796,56919.56,0.00168202,2021-04-19T12:41:11.984579Z,56919.55,56919.56,17319.20597625,42.504598340055814
157922922,56884.13,0.00032353,2021-04-19T12:41:41.933386Z,56879.76,56884.13,17319.20597625,46.28836899318103
157923102,56797.98,0.00164615,2021-04-19T12:42:11.316921Z,56797.97,56797.98,17347.28374291,49.57640874497779
157923236,56776.86,0.00077217,2021-04-19T12:42:41.487973Z,56778.62,56784.95,17364.11827391,55.853287960957
157923336,56827.39,0.00084064,2021-04-19T12:43:11.927775Z,56827.38,56827.39,17364.11827391,53.25709965863064
157923435,56810.72,0.00080462,2021-04-19T12:43:42.652072Z,56810.71,56810.72,17368.43334344,36.32525876096079
157923546,56764.47,0.00066604,2021-04-19T12:44:12.841438Z,56762.45,56765.24,17368.43334344,22.649857042651963
157923662,56761.07,0.00070118,2021-04-19T12:44:41.961963Z,56761.06,56761.07,17370.86385239,26.346551502107218
157923825,56724.03,0.00170171,2021-04-19T12:45:12.816704Z,56719.51,56724.03,17377.28492403,37.12503392663776
157923967,56774.79,0.0037,2021-04-19T12:45:43.143247Z,56774.79,56774.8,17377.28492403,27.785276389749708
157924069,56785.5,0.00350974,2021-04-19T12:46:12.986416Z,56785.49,56785.5,17390.67515521,20.806330191919017
157924180,56810.24,0.00191752,2021-04-19T12:46:42.682719Z,56810.23,56810.24,17390.67515521,28.527523973426238
157924295,56796.96,0.03390849,2021-04-19T12:47:12.930775Z,56796.95,56796.96,17408.56323258,29.58970131741486
157924446,56841.67,0.01682996,2021-04-19T12:47:42.735207Z,56840.15,56840.16,17421.19072834,23.149518700221833
157924558,56844.23,0.00336635,2021-04-19T12:48:12.064036Z,56844.22,56844.23,17421.19072834,23.58575417600402
157924646,56823.14,0.01262514,2021-04-19T12:48:41.961773Z,56811.9,56823.28,17425.6541739,18.110179901103596
157924834,56771.91,0.00654805,2021-04-19T12:49:11.912479Z,56774.6,56787.16,17425.6541739,27.613176131166576
157924935,56765.74,0.0178,2021-04-19T12:49:41.748289Z,56765.73,56765.74,17433.49002017,33.926231385925355
157925071,56775.38,0.00178809,2021-04-19T12:50:11.436161Z,56775.37,56775.38,17444.7473374,31.571698086299183
157925188,56715.01,0.00170152,2021-04-19T12:50:41.791727Z,56715.01,56715.95,17444.7473374,34.34594974744909
157925327,56739.31,0.0168718,2021-04-19T12:51:11.883112Z,56739.3,56739.31,17448.54046827,23.02308320046939
157925460,56717.1,0.00337279,2021-04-19T12:51:43.867024Z,56717.09,56717.1,17448.54046827,24.626115732220814
157925546,56707.65,0.02575876,2021-04-19T12:52:11.927243Z,56707.64,56707.65,17460.01708826,24.628002762257577
157925643,56707.66,0.00032479,2021-04-19T12:52:42.956353Z,56707.65,56707.66,17464.29242719,11.625538441678911
157925833,56655.71,0.00041264,2021-04-19T12:53:13.781253Z,56649.4,56649.41,17464.29242719,27.44451610176331
157925969,56691.34,0.00015816,2021-04-19T12:53:43.819177Z,56685.08,56691.34,17477.148644,21.73398021671954
157926043,56634.48,0.01318419,2021-04-19T12:54:11.89982Z,56634.41,56639.63,17477.148644,29.38799442054455
157926159,56647.34,0.05006434,2021-04-19T12:54:44.064178Z,56647.33,56647.34,17496.24541807,27.628728238245717
157926257,56668.92,0.07077626,2021-04-19T12:55:13.199703Z,56668.92,56668.93,17501.67718065,19.446003601338898
157926401,56620,0.00865606,2021-04-19T12:55:42.755002Z,56619.99,56620,17501.67718065,25.241722287984963
157926524,56591.32,0.00493541,2021-04-19T12:56:13.089584Z,56591.32,56591.33,17512.14281666,26.086648233630033
157926668,56649,0.08056891,2021-04-19T12:56:42.687388Z,56648.99,56649,17512.14281666,26.949156277422716
157926810,56651.25,0.00519137,2021-04-19T12:57:12.964452Z,56644.33,56649.11,17518.42518015,27.340604529982883
157926910,56654.23,0.00066768,2021-04-19T12:57:42.068938Z,56654.22,56654.23,17528.05329804,24.27290588423967
157927038,56634.06,0.00010571,2021-04-19T12:58:13.273918Z,56633.17,56634.06,17528.05329804,23.383573209946714
157927135,56615.01,0.00346178,2021-04-19T12:58:41.77734Z,56615.8,56615.81,17532.55556384,14.610397669623488
157927296,56592.18,0.00127054,2021-04-19T12:59:12.82891Z,56592.17,56592.18,17532.55556384,23.272528527542846
157927449,56571.53,0.00866932,2021-04-19T12:59:42.924599Z,56571.52,56571.53,17536.009914,29.325422010029556
157927615,56551.76,0.0149,2021-04-19T13:00:14.8419Z,56551.73,56551.74,17550.54070913,29.43702525846435
157927832,56629.54,0.01212535,2021-04-19T13:00:44.613856Z,56629.53,56629.54,17550.54070913,28.20291658796311
157927967,56648.89,0.00036026,2021-04-19T13:01:13.69802Z,56648.88,56648.89,16308.32716652,35.92824126042329
157928057,56680.97,0.00014188,2021-04-19T13:01:42.490924Z,56680.97,56680.98,16308.32716652,48.143734546316345
157928188,56639.09,0.00346083,2021-04-19T13:02:12.729173Z,56639.08,56639.09,16317.84111349,42.79976121505035
157928317,56639.09,0.00726499,2021-04-19T13:02:44.47791Z,56639.08,56639.09,16320.16467169,17.811173573470047
157928406,56661.65,0.00023724,2021-04-19T13:03:14.713178Z,56661.64,56661.65,16320.16467169,15.853154136129731
157928525,56663.65,0.00003238,2021-04-19T13:03:45.077185Z,56663.64,56663.65,16323.83909757,16.011755683362598
157928638,56671.62,0.00170345,2021-04-19T13:04:14.69877Z,56665.66,56665.67,16323.83909757,13.427759309125937
157928752,56660.8,0.00197888,2021-04-19T13:04:43.612386Z,56657.92,56657.93,16328.94405526,10.834226140497204
157928839,56646.08,0.00756248,2021-04-19T13:05:14.663154Z,56643.63,56646.08,16332.51351218,8.27753345286297
157928958,56624.07,0.00165603,2021-04-19T13:05:44.557918Z,56624.06,56624.07,16332.51351218,16.76604020226391
157929118,56693.45,0.00506441,2021-04-19T13:06:14.984228Z,56693.44,56693.45,16338.33716491,23.39286267354599
157929242,56696.64,0.00269795,2021-04-19T13:06:45.39173Z,56696.63,56696.64,16338.33716491,27.778506368466708
157929344,56735.91,0.00084236,2021-04-19T13:07:15.065469Z,56735.9,56735.91,16360.47666011,39.64716131151974
157929452,56727.72,0.00084221,2021-04-19T13:07:44.985324Z,56723.66,56727.72,16362.88554033,39.44319125096436
157929576,56659.57,0.00168669,2021-04-19T13:08:14.474598Z,56656.61,56656.62,16362.88554033,27.24473776822705
157929692,56669.48,0.00935534,2021-04-19T13:08:44.783675Z,56669.47,56669.48,16369.63533688,30.372549844552676
157929831,56687.34,0.00015829,2021-04-19T13:09:14.346942Z,56683.87,56683.88,16369.63533688,30.67382376000776
157929937,56638.81,0.00015819,2021-04-19T13:09:44.460476Z,56638.57,56638.69,16376.50833972,29.991332482264333
157930066,56630.01,0.00175706,2021-04-19T13:10:15.092591Z,56630,56630.01,16380.68817512,20.698783927167586
157930216,56575.22,0.00045725,2021-04-19T13:10:45.195909Z,56575.21,56575.22,16380.68817512,38.49068115875853
157930341,56555.75,0.01732799,2021-04-19T13:11:14.323433Z,56555.74,56555.75,16393.07637778,47.0932592211177
157930455,56555.01,0.00175932,2021-04-19T13:11:44.578115Z,56555,56555.01,16393.07637778,36.31644035516546
157930650,56515.32,0.00887419,2021-04-19T13:12:14.805375Z,56515.31,56515.32,16397.64436539,37.353046141822276
157930756,56509.73,0.08080615,2021-04-19T13:12:44.0772Z,56505.62,56509.17,16409.81368173,25.356869366616472
157930924,56476.89,0.04156646,2021-04-19T13:13:14.946572Z,56476.88,56476.89,16409.81368173,29.85750157126218
157931096,56466.76,0.00694387,2021-04-19T13:13:44.862717Z,56463.44,56466.76,16416.16788843,31.247439192357234
157931198,56450.62,0.00093724,2021-04-19T13:14:14.25054Z,56444.99,56445,16416.16788843,24.91937768248917
157931387,56411.08,0.00171089,2021-04-19T13:14:44.864322Z,56411,56411.08,16427.92122857,32.37193883728596
157931564,56428.03,0.09264012,2021-04-19T13:15:14.944256Z,56428.02,56428.03,16433.53762224,24.27573488252997
157931739,56466.76,0.00067752,2021-04-19T13:15:44.207287Z,56466.75,56466.76,16433.53762224,21.984150656487294
157931892,56458.8,0.00347143,2021-04-19T13:16:14.936227Z,56458.79,56458.8,16462.03652047,20.567996890493063
157932042,56390.15,0.01769819,2021-04-19T13:16:44.474036Z,56387.81,56387.82,16462.03652047,28.72615853344577
157932198,56463.32,0.0008472,2021-04-19T13:17:14.248778Z,56463.31,56463.32,16479.50030329,29.091904992411443
157932396,56402.02,0.00312427,2021-04-19T13:17:45.086524Z,56402.01,56402.02,16494.69281196,33.07277551231605
157932639,56313.74,0.00165212,2021-04-19T13:18:17.113798Z,56311.22,56313.74,16494.69281196,54.5006728774162
157932826,56309.32,0.00259777,2021-04-19T13:18:47.150468Z,56309.31,56309.32,16513.62239166,58.00716300677036
157932972,56330,0.04351225,2021-04-19T13:19:17.234583Z,56329.99,56330,16525.50600148,59.96906002344248
157933104,56330.01,0.01756769,2021-04-19T13:19:46.859219Z,56330,56330.01,16525.50600148,33.56387605891102
157933299,56272.58,0.00201379,2021-04-19T13:20:17.1613Z,56272.57,56272.58,16532.94262028,21.017716338852807
157933462,56288.44,0.0358,2021-04-19T13:20:46.711633Z,56288.89,56288.9,16532.94262028,22.75402382219369
157933594,56270.01,0.00028381,2021-04-19T13:21:15.402289Z,56270,56270.01,16542.25561938,26.71865969882722
157933786,56314.27,0.00115716,2021-04-19T13:21:45.918674Z,56314.26,56314.27,16542.25561938,23.525322019092897
157933932,56285.5,0.00084871,2021-04-19T13:22:16.129599Z,56277.31,56285.5,16559.03985913,15.754650110455216
157934045,56309.01,0.034829,2021-04-19T13:22:46.090524Z,56309,56309.01,16578.65341753,16.206925189628254
157934139,56283.93,0.0265588,2021-04-19T13:23:03.707157Z,56283.92,56283.93,16578.65341753,16.581606197901728
157934359,56227.9,0.060456,2021-04-19T13:23:47.089566Z,56221.48,56227.9,16586.94759365,30.630584325197848
157934687,56155.88,0.00500053,2021-04-19T13:24:17.085086Z,56155.88,56162.73,16608.28724275,55.15576800395538
157934888,56177.29,0.00983203,2021-04-19T13:24:47.178339Z,56177.29,56177.3,16608.28724275,59.03276629218857
157935031,56129.92,0.07527816,2021-04-19T13:25:16.912Z,56124.68,56127.36,16633.37739859,54.90059839483988
157935230,56112.98,0.00085192,2021-04-19T13:25:45.682088Z,56102.94,56108.87,16633.37739859,40.09704009168939
157935453,56248.6,0.00084962,2021-04-19T13:26:15.896462Z,56251.41,56251.42,16643.72937874,47.24371602778589
157935626,56333.07,0.00609584,2021-04-19T13:26:47.732991Z,56324.3,56336.84,16669.13987461,81.3244414435853
157935889,56357.58,0.04792,2021-04-19T13:27:18.082297Z,56358.1,56364.46,16669.13987461,100.74621938369991
157936356,56447.94,0.00171225,2021-04-19T13:27:45.909773Z,56436.58,56449.09,16695.90690372,113.06083275875868
157936683,56467.55,0.00084503,2021-04-19T13:28:17.232145Z,56467.54,56467.55,16695.90690372,79.80249855799882
157936853,56413.77,0.0029304,2021-04-19T13:28:46.761013Z,56411.86,56413.14,16742.3729855,51.4794302231208
157936976,56428.38,0.0034745,2021-04-19T13:29:18.082428Z,56422.37,56428.38,16748.22616597,37.41820444778015
157937188,56356.47,0.00015909,2021-04-19T13:29:48.021254Z,56352.7,56356.47,16748.22616597,37.80721063627782
157937383,56341.3,0.00091909,2021-04-19T13:30:14.958948Z,56341.29,56341.3,16770.90663728,46.66354148687348
157937547,56391.71,0.651959,2021-04-19T13:30:47.01813Z,56391.7,56407.31,16770.90663728,33.07391999896737
157937763,56472.15,0.31839711,2021-04-19T13:31:17.080126Z,56472.15,56477.12,16783.94915332,47.75010341452116
157937929,56429.95,0.00041465,2021-04-19T13:31:46.262018Z,56428.48,56437.43,16783.94915332,47.953562371292634
157938042,56474.19,0.00381479,2021-04-19T13:32:17.028283Z,56474.18,56474.19,16805.97027936,50.46166307303228
157938307,56411.75,0.00018534,2021-04-19T13:32:46.64936Z,56410.45,56410.46,16814.63167831,32.715608508714695
157938625,56479.77,0.0125249,2021-04-19T13:33:17.274288Z,56479.76,56479.77,16814.63167831,27.43595188971076
157938806,56454.34,0.01031615,2021-04-19T13:33:47.026459Z,56450.41,56452.27,16836.32099251,25.90486286577687
157938999,56414.27,0.06351946,2021-04-19T13:34:16.848708Z,56414.27,56420.19,16847.43257384,28.91631899282706
157939260,56448.09,0.00171032,2021-04-19T13:34:47.019021Z,56438.58,56448.09,16847.43257384,25.68781158633818
157939453,56437.17,0.00171082,2021-04-19T13:35:17.391328Z,56434,56434.01,16859.31965988,21.431045147050703
157939668,56487.41,1,2021-04-19T13:35:47.385895Z,56487.4,56487.41,16859.31965988,23.86640283106941
157939827,56487.41,0.00019394,2021-04-19T13:36:17.935678Z,56487.4,56487.41,16871.58169619,28.723932879994766
157940043,56563.4,0.00126703,2021-04-19T13:36:46.609184Z,56563.39,56563.4,16871.58169619,44.289436935821584
157940393,56609.42,0.02079598,2021-04-19T13:37:18.671895Z,56609.41,56609.42,16890.0233706,61.34879669634584
157940558,56608.03,0.00170457,2021-04-19T13:37:46.855974Z,56602.04,56611.99,16909.50208914,54.60103244524763
157940729,56604.9,0.0086576,2021-04-19T13:38:16.921143Z,56604.89,56604.9,16909.50208914,46.852146760692094
157940918,56543.57,0.00049267,2021-04-19T13:38:48.771529Z,56543.56,56543.57,16918.00515547,27.210291142963456
157941032,56572.58,0.0003367,2021-04-19T13:39:16.536337Z,56572.57,56572.58,16927.75497469,25.911304870359412
157941189,56589.13,0.01732636,2021-04-19T13:39:47.114762Z,56578.91,56589.13,16927.75497469,23.685135762436502
157941338,56646.85,0.00584401,2021-04-19T13:40:18.697432Z,56649.8,56649.81,16933.73759736,34.362789527111225
157941502,56713.99,0.05737142,2021-04-19T13:40:48.679176Z,56703.6,56714,16933.73759736,60.61126944787671
157941668,56727.49,0.00199033,2021-04-19T13:41:16.277921Z,56728.54,56734.27,16942.06299953,62.941807537444426
157941809,56700.01,0.00084231,2021-04-19T13:41:49.196065Z,56700,56700.01,16950.39330614,51.119036611416234
157941995,56701.6,0.0259372,2021-04-19T13:42:19.038365Z,56701.59,56701.6,16950.39330614,27.41773907669895
157942153,56623.49,0.01731271,2021-04-19T13:42:48.910828Z,56623.48,56623.49,16964.41111522,36.28878923411824
157942285,56680.04,0.00345879,2021-04-19T13:43:18.463537Z,56675.98,56677.21,16964.41111522,34.9362233803062
157942483,56707.78,0.00880832,2021-04-19T13:43:49.004718Z,56707.77,56707.78,16984.24896066,30.979622077728855
157942657,56688.97,0.00084218,2021-04-19T13:44:18.846475Z,56688.96,56688.97,17000.55931009,30.03805626333032
157942833,56728.37,0.01729191,2021-04-19T13:44:48.833603Z,56728.36,56728.37,17000.55931009,35.273399043453395
157942968,56688.92,0.00041244,2021-04-19T13:45:19.133868Z,56688.91,56688.92,17025.66057968,17.327463290332673
157943224,56726.39,0.00619333,2021-04-19T13:45:48.598847Z,56726.39,56726.4,17025.66057968,17.200742544357375
157943420,56643.25,0.01737027,2021-04-19T13:46:18.386668Z,56646.65,56655.75,17048.78361812,31.1451980259907
157943601,56638.13,0.0129888,2021-04-19T13:46:48.861288Z,56633.08,56638.18,17082.15073505,38.85695325265334
157943722,56600.06,0.00017491,2021-04-19T13:47:18.737996Z,56600.05,56600.06,17082.15073505,43.80307980131544
157943955,56585.5,0.00177614,2021-04-19T13:47:48.721722Z,56585.54,56585.55,17095.16831279,49.058836758340874
157944107,56621.76,0.00063734,2021-04-19T13:48:18.776875Z,56621.76,56621.77,17095.16831279,22.066592851698168
157944271,56620.01,0.00084371,2021-04-19T13:48:49.346366Z,56620,56620.01,17116.43177654,18.33600763751122
157944424,56573.8,0.00439978,2021-04-19T13:49:18.734024Z,56573.79,56573.8,17125.29163958,18.816673034400342
157944658,56544.34,0.0862,2021-04-19T13:49:48.254426Z,56544.33,56547.31,17125.29163958,29.232207170929488
157944865,56585.11,0.00170617,2021-04-19T13:50:18.567564Z,56585.1,56585.11,17143.63210185,29.24217953717101
157945120,56513.32,0.00084476,2021-04-19T13:50:48.67433Z,56502.8,56510.17,17143.63210185,36.27338120557868
157945392,56449.99,0.00073451,2021-04-19T13:51:18.546092Z,56449.99,56450,17164.97629212,48.55134082687141
157945610,56446.92,0.00868502,2021-04-19T13:51:48.875003Z,56446.91,56446.92,17184.46066684,53.64840374222047
157945791,56554.13,0.00024755,2021-04-19T13:52:18.808151Z,56554.13,56554.14,17184.46066684,55.100311651461865
157945987,56473.98,0.00041826,2021-04-19T13:52:48.754565Z,56458.77,56463.33,17195.54770926,40.84755826348893
157946189,56511.3,0.00076672,2021-04-19T13:53:18.853801Z,56511.29,56511.3,17195.54770926,40.60109683357266
157946368,56573.49,0.00170684,2021-04-19T13:53:48.698322Z,56573.48,56573.49,17205.48737157,47.40752539510706
157946494,56594.76,0.00211821,2021-04-19T13:54:18.924055Z,56594.75,56594.76,17214.37166201,43.567166261831204
157946669,56663.53,0.02898794,2021-04-19T13:54:48.96265Z,56663.52,56663.53,17214.37166201,66.06303093322936
157946842,56671.18,0.01170735,2021-04-19T13:55:18.614403Z,56666.79,56670.95,17231.63482456,59.43048288616588
157947122,56706.13,0.00674947,2021-04-19T13:55:48.809984Z,56706.12,56706.13,17231.63482456,49.70461202022132
157947265,56715.43,0.01248775,2021-04-19T13:56:18.830805Z,56715.42,56715.43,17246.18975074,42.598968345243044
157947491,56778.49,0.00345433,2021-04-19T13:56:50.472491Z,56778.48,56778.49,17248.98395834,40.87870761260729
157947674,56814.61,0.00032469,2021-04-19T13:57:18.762268Z,56814.6,56814.61,17248.98395834,51.95206498374687
157947819,56774.04,0.00084192,2021-04-19T13:57:48.764244Z,56774.03,56774.04,17259.99971317,40.949182166122746
157947942,56774.04,0.01344108,2021-04-19T13:58:20.829598Z,56774.03,56774.04,17259.99971317,31.824273378563507
157948067,56774.69,0.0173436,2021-04-19T13:58:50.518334Z,56774.68,56774.69,17263.86764823,15.805063241664762
157948232,56720.02,0.00023685,2021-04-19T13:59:18.725883Z,56720.01,56720.02,17267.97866694,30.105613431280105
157948436,56690.12,0.00352442,2021-04-19T13:59:48.574988Z,56690.11,56690.12,17267.97866694,35.18931792568341
157948696,56635.26,0.00449788,2021-04-19T14:00:21.09461Z,56635.25,56635.26,17287.85847096,52.87363940638091
157948853,56618.11,0.00041923,2021-04-19T14:00:50.117627Z,56618.1,56618.11,17287.85847096,56.939270456139006
157948985,56595.23,0.00466589,2021-04-19T14:01:20.822678Z,56584.58,56595.01,15834.40640668,46.32737825604456
157949129,56565.97,0.01299643,2021-04-19T14:01:51.213688Z,56565.96,56565.97,15838.80528535,41.669290083706926
157949333,56505.01,0.00427183,2021-04-19T14:02:20.581187Z,56505.01,56505.02,15838.80528535,45.78571462892996
157949470,56453.26,0.01192922,2021-04-19T14:02:50.808933Z,56453.74,56468.48,15860.53885346,60.48411745312572
157949648,56495,0.04280205,2021-04-19T14:03:20.851015Z,56494.99,56495,15860.53885346,51.05848669990783
157949807,56446.94,0.17363985,2021-04-19T14:03:51.13663Z,56446.93,56446.94,15872.49717336,42.833103367439605
157950034,56382.39,0.0104276,2021-04-19T14:04:20.918129Z,56382.38,56382.39,15888.52816979,43.427298788745986
157950191,56381.09,0.03476275,2021-04-19T14:04:50.11122Z,56381.08,56381.09,15888.52816979,44.0382173127834
157950422,56397.71,0.005,2021-04-19T14:05:21.180574Z,56397.7,56397.71,15901.66921603,44.2134561427667
157950670,56378.54,0.09755,2021-04-19T14:05:50.507745Z,56372.5,56377.3,15901.66921603,25.695531597715547
157950869,56320.84,0.0975,2021-04-19T14:06:20.984963Z,56320.83,56320.84,15922.58034274,26.501458527600636
157951141,56271.75,0.00910515,2021-04-19T14:06:50.841534Z,56271.75,56271.76,15937.15460529,46.96963044447877
157951342,56264.01,0.017284,2021-04-19T14:07:20.760181Z,56264,56264.02,15937.15460529,54.246842120916696
157951526,56243.15,0.0001112,2021-04-19T14:07:51.155018Z,56243.15,56243.16,15976.50151831,48.64943469448115
157951719,56285.57,0.05072,2021-04-19T14:08:20.695791Z,56285.57,56290,15976.50151831,25.836002478967206
157951927,56309.9,0.00435283,2021-04-19T14:08:50.198322Z,56309.89,56309.9,15986.28075294,22.250497165083644
157952129,56239.17,0.00201279,2021-04-19T14:09:20.947938Z,56236.28,56239.18,16001.62710051,26.564180395668792
157952428,56172.57,0.00041651,2021-04-19T14:09:50.578247Z,56164.58,56169.7,16001.62710051,46.93149322250634
157952758,56164.15,0.024,2021-04-19T14:10:21.199574Z,56164.14,56164.15,16022.39760548,58.47957127146775
157952960,56167.46,0.00885329,2021-04-19T14:10:51.064942Z,56167.45,56167.46,16022.39760548,56.8184220134242
157953157,56201.95,0.2200498,2021-04-19T14:11:20.835529Z,56201.94,56201.95,16061.64283553,28.4118017749002
157953369,56309.52,0.00136489,2021-04-19T14:11:51.001174Z,56309.76,56309.77,16079.83536602,54.85604324133835
157953576,56275.26,0.00215621,2021-04-19T14:12:21.104114Z,56268.75,56274.9,16079.83536602,58.6612367419474
157953727,56300,0.0001,2021-04-19T14:12:51.115018Z,56300,56300.01,16091.75240839,56.21181527129184
157953916,56240.17,0.00032752,2021-04-19T14:13:20.576933Z,56240.16,56240.17,16091.75240839,39.75778515075115
157954094,56289.52,0.00187001,2021-04-19T14:13:51.17537Z,56289.51,56289.52,16102.19803045,24.20364071978652
157954252,56332.92,0.00171452,2021-04-19T14:14:19.965439Z,56327.5,56332.66,16117.72441572,30.375075046693865
157954422,56349.34,0.00175991,2021-04-19T14:14:50.692046Z,56349.34,56349.35,16117.72441572,37.89211210913955
157954609,56305.47,0.0004946,2021-04-19T14:15:20.751278Z,56301.4,56307.48,16127.19254897,37.886279628535156
157954819,56344.13,0.0003954,2021-04-19T14:15:52.561343Z,56344.12,56349.03,16127.19254897,23.059702168300635
157955035,56476.05,0.17915609,2021-04-19T14:16:22.569368Z,56456.58,56476.76,16140.44539298,59.20714261040813
157955370,56523.55,0.00867627,2021-04-19T14:16:50.769966Z,56523.54,56523.55,16152.76760205,84.46489457808919
157955552,56455.15,0.04915997,2021-04-19T14:17:20.815381Z,56436.55,56446.82,16152.76760205,82.42490012178868
157955830,56429.28,0.0004,2021-04-19T14:17:51.13598Z,56427.41,56429.28,16162.79238329,59.42576155242807
157956036,56396.63,0.00434545,2021-04-19T14:18:21.092832Z,56396.62,56396.63,16162.79238329,42.90546743814361
157956191,56386.36,0.02608663,2021-04-19T14:18:51.084797Z,56386.35,56386.36,16180.21811299,49.12624903334526
157956463,56432.56,0.01735684,2021-04-19T14:19:23.054535Z,56432.55,56432.56,16188.90524432,25.12847357255923
157956657,56395.19,0.00259269,2021-04-19T14:19:53.164533Z,56395.18,56395.19,16188.90524432,19.066696202732054
157956881,56339.3,0.0241,2021-04-19T14:20:22.291514Z,56342.26,56342.27,16206.04582814,29.8864045359763
157957013,56304.92,0.08243709,2021-04-19T14:20:50.683304Z,56304.91,56304.92,16206.04582814,44.67652162029859
157957239,56251.6,0.00023872,2021-04-19T14:21:22.602231Z,56251.58,56251.59,16224.97573301,64.10590787197876
157957517,56214.95,0.00012741,2021-04-19T14:21:53.21771Z,56214.94,56214.95,16247.35275945,63.559091687134
157957715,56256.17,0.00536053,2021-04-19T14:22:22.644389Z,56256.17,56256.18,16247.35275945,43.6459278294692
157957837,56277.93,0.00032147,2021-04-19T14:22:51.075679Z,56277.93,56277.94,16256.21089716,29.82555186574152
157958106,56196.56,0.00032764,2021-04-19T14:23:22.949554Z,56197.34,56199.99,16256.21089716,29.487940180653645
157958355,56216.72,0.0034863,2021-04-19T14:23:51.825258Z,56211.67,56216.67,16268.3921932,29.909338075228877
157958526,56153.01,0.00044299,2021-04-19T14:24:22.772804Z,56153,56153.01,16289.35030819,44.07261163238647
157958776,56117.44,0.00742843,2021-04-19T14:24:53.172812Z,56117.44,56127.15,16289.35030819,54.94488052677261
157958984,56191.56,0.00325976,2021-04-19T14:25:22.889308Z,56185.9,56191.56,16313.08578274,35.429712052211386
157959162,56235.93,0.01393319,2021-04-19T14:25:53.267732Z,56233.11,56233.12,16313.08578274,42.91710027602264
157959362,56250.18,0.00522573,2021-04-19T14:26:22.946195Z,56236.65,56249.67,16329.43658386,49.7315548128322
157959538,56168.3,0.0001747,2021-04-19T14:26:53.017244Z,56177.45,56177.46,16337.77379759,47.819470679855094
157959790,56095.65,0.00189753,2021-04-19T14:27:22.4984Z,56095.64,56095.65,16337.77379759,54.94069260668082
157960756,55896.01,0.00172638,2021-04-19T14:27:52.844533Z,55896,55896.01,16353.58149311,128.8871141119429
157961074,56011.37,0.01464685,2021-04-19T14:28:22.525307Z,55996.11,56001.14,16353.58149311,122.86000641424083
157961335,55920.94,0.00049779,2021-04-19T14:28:52.912069Z,55915.17,55920.94,16426.82079985,102.92205062138348
157961590,55920.31,0.00012473,2021-04-19T14:29:22.945242Z,55914.2,55920.31,16454.59370998,74.62352915879345
157961936,55819.29,0.02864196,2021-04-19T14:29:52.813051Z,55809.26,55820,16454.59370998,61.41930563036754
157962302,55910.65,0.24597693,2021-04-19T14:30:23.123685Z,55916.83,55918.37,16483.55782633,60.8581177503571
157962565,55948.32,0.0018,2021-04-19T14:30:52.623183Z,55948.31,55948.32,16483.55782633,44.12981006209962
157962806,55991.47,0.00010845,2021-04-19T14:31:22.727701Z,55991.47,55991.48,16522.13921049,56.7805700580414
157963083,56043.96,0.00172355,2021-04-19T14:31:52.904713Z,56043.95,56043.96,16538.59431043,76.05380763718867
157963289,55955.14,0.00062951,2021-04-19T14:32:22.949457Z,55955.14,55955.15,16538.59431043,45.04279005693035
157963472,55963.39,0.00170972,2021-04-19T14:32:52.456174Z,55963.38,55963.39,16564.31905354,34.98267262677455
157963728,55886.19,0.00085466,2021-04-19T14:33:22.858859Z,55886.18,55886.19,16564.31905354,51.38144762570287
157963976,55807.12,0.00203653,2021-04-19T14:33:52.555128Z,55797.36,55801.89,16580.96098589,79.68171157872516
157964315,55868.71,0.00172966,2021-04-19T14:34:22.9912Z,55851,55868.71,16600.55561573,57.93017486696867
157964648,55750.76,0.00568836,2021-04-19T14:34:52.633854Z,55750.75,55750.76,16600.55561573,72.20439116923815
157965038,55735.86,0.753,2021-04-19T14:35:23.357189Z,55735.85,55735.86,16639.74707205,60.441412757507806
157965320,55812.65,0.48303107,2021-04-19T14:35:52.102993Z,55797.49,55802.66,16639.74707205,47.63674254317023
157965564,55822.22,0.01857959,2021-04-19T14:36:21.956175Z,55822.21,55822.22,16669.27594452,48.773197969008635
157965816,55719.48,0.00315918,2021-04-19T14:36:54.715983Z,55719.47,55719.48,16687.13214863,41.515371419824426
157966120,55684.73,0.00016094,2021-04-19T14:37:24.540818Z,55672.94,55682.64,16687.13214863,53.680411847589106
157966534,55665.15,0.0020749,2021-04-19T14:37:54.533419Z,55665.15,55665.16,16713.60051315,64.98144061289871
157966853,55673.85,0.00085765,2021-04-19T14:38:24.776477Z,55673.84,55673.85,16713.60051315,57.606422768034165
157967144,55616,0.1770781,2021-04-19T14:38:54.808541Z,55612.98,55616,16764.09071664,33.474239291313864
157967489,55579.95,0.00885315,2021-04-19T14:39:24.613143Z,55579.95,55579.96,16790.66297296,39.70808461930534
157968055,55502.45,0.00173863,2021-04-19T14:39:54.917651Z,55501.13,55502.44,16790.66297296,62.59807984384424
157968777,55445.46,0.0442,2021-04-19T14:40:24.795762Z,55445.45,55445.46,16827.76211464,81.07343619299368
157969202,55469.13,0.00032406,2021-04-19T14:40:54.839152Z,55469.12,55469.13,16827.76211464,65.15861490349998
157969455,55576.04,0.00214846,2021-04-19T14:41:25.142724Z,55576.03,55576.04,16910.40574296,54.847021652439324
157969835,55602.46,0.02,2021-04-19T14:41:54.742971Z,55600,55600.01,16946.17742817,60.64342648748386
157970239,55446.19,0.02744,2021-04-19T14:42:24.828236Z,55446.19,55454.05,16946.17742817,67.51982541553066
157970708,55336.55,0.0011,2021-04-19T14:42:54.762905Z,55337.93,55344.5,16985.33847551,95.78605464338435
157971183,55312.5,0.01368544,2021-04-19T14:43:24.755914Z,55319.45,55324.45,16985.33847551,119.0034321191962
157971479,55443.29,0.00345452,2021-04-19T14:43:54.816304Z,55432.47,55443.29,17017.1786383,102.66850372022766
157971768,55393.57,0.0341,2021-04-19T14:44:24.910616Z,55393.56,55393.57,17044.79152,54.42234026715356
157972068,55441.34,0.01327213,2021-04-19T14:44:54.821354Z,55441.33,55441.34,17044.79152,53.381653404084354
157972467,55447.54,0.00131943,2021-04-19T14:45:24.775477Z,55452.76,55452.77,17080.07848781,51.47466693580613
157973059,55454.06,0.00012906,2021-04-19T14:45:55.225208Z,55454.06,55454.07,17080.07848781,21.63927817996713
157973380,55344.62,0.00382519,2021-04-19T14:46:24.905228Z,55341.35,55344.6,17106.1227844,41.67350410214384
157973801,55218.01,0.00086462,2021-04-19T14:46:55.085901Z,55218,55218.01,17136.41934246,90.87951399602653
157974178,55202.95,0.00354859,2021-04-19T14:47:24.514629Z,55200,55200.01,17136.41934246,107.74480193567493
157974580,55180.81,0.00909019,2021-04-19T14:47:54.794017Z,55180.8,55180.81,17161.97438506,104.01029391441007
157974999,55247.97,0.0387,2021-04-19T14:48:25.31091Z,55247.96,55247.97,17161.97438506,57.20528311410903
157975319,55277.34,0.01654342,2021-04-19T14:48:54.967206Z,55274.07,55274.08,17189.39152132,33.92359037846957
157975702,55323.43,0.00043185,2021-04-19T14:49:24.934418Z,55323.42,55323.43,17211.56820633,51.15324036817615
157976062,55287.36,0.00023487,2021-04-19T14:49:54.641175Z,55287.82,55295.21,17211.56820633,47.81463684022796
157976364,55400.53,0.00765056,2021-04-19T14:50:24.216213Z,55400.52,55400.53,17238.81856538,52.47334660719681
157976734,55511.48,0.00055626,2021-04-19T14:50:54.91292Z,55511.47,55511.48,17238.81856538,87.21866483818027
157977272,55543.64,0.00068009,2021-04-19T14:51:24.914607Z,55537.79,55543.64,17263.32350859,100.72576699211577
157977667,55565.75,0.00090382,2021-04-19T14:51:54.57433Z,55569.47,55569.48,17288.39849842,104.07190349054737
157978158,55582.03,0.0005905,2021-04-19T14:52:24.762612Z,55569.63,55582.02,17288.39849842,64.56462083943907
157978500,55465.58,0.00042156,2021-04-19T14:52:54.379132Z,55460.38,55460.39,17328.45737012,41.46289358136104
157978741,55531.64,0.26877241,2021-04-19T14:53:24.859827Z,55531.63,55531.64,17328.45737012,40.063072974235574
157979029,55448.02,0.001,2021-04-19T14:53:54.421814Z,55431.84,55443.58,17347.27458509,53.30888428902584
157979303,55323.14,0.00279,2021-04-19T14:54:24.843568Z,55323.13,55323.14,17363.97572221,87.65921888851813
157979568,55469.73,0.00016168,2021-04-19T14:54:55.897352Z,55457.49,55469.73,17363.97572221,68.36110660417452
157979821,55536.92,0.00861931,2021-04-19T14:55:25.93634Z,55525.42,55542.11,17381.74496339,77.45962612965532
157980045,55451.85,0.00960256,2021-04-19T14:55:55.819683Z,55451.84,55451.85,17398.32264504,69.22776708913422
157980240,55493.68,0.00353513,2021-04-19T14:56:25.809581Z,55493.67,55493.68,17398.32264504,71.86231741425156
157980428,55542.91,0.00178436,2021-04-19T14:56:55.808335Z,55533.71,55541.95,17412.17459419,35.98380380313875
157980679,55521.04,0.0092,2021-04-19T14:57:25.859585Z,55521.04,55521.05,17412.17459419,33.391043711479114
157980887,55552.01,0.00086001,2021-04-19T14:57:55.87243Z,55552,55552.01,17425.44646564,36.30743912949071
157981041,55545.13,0.16583541,2021-04-19T14:58:25.795804Z,55545.12,55545.13,17430.99938935,21.330253260095752
157981234,55546.2,0.01171359,2021-04-19T14:58:56.054811Z,55538.23,55545.68,17430.99938935,10.64253617042325
157981418,55567.95,0.00882426,2021-04-19T14:59:25.626054Z,55567.94,55567.95,17440.612389,15.10387579855848
157981635,55489.13,0.00016157,2021-04-19T14:59:55.72975Z,55489.12,55489.13,17440.612389,26.750406055587966
157981942,55308.21,0.00132658,2021-04-19T15:00:24.69309Z,55308.21,55308.22,17455.74662196,95.19827259012139
157982212,55242.63,0.00532354,2021-04-19T15:00:57.069276Z,55234.69,55241.99,16132.7908328,131.12278636510405
157982535,55198.67,0.012,2021-04-19T15:01:26.860668Z,55188.41,55208.65,16132.7908328,143.10441200799863
157982921,55131.95,0.00173123,2021-04-19T15:01:56.776289Z,55131.95,55138.75,16155.32884114,121.89180422064122
157983269,55136.49,0.0001626,2021-04-19T15:02:26.84689Z,55136.48,55136.49,16155.32884114,66.52574238721334
157983525,55103.01,0.00023809,2021-04-19T15:02:56.567168Z,55103,55103.01,16182.09701101,50.750282759543595
157984960,54954.2,0.01068872,2021-04-19T15:03:25.810312Z,54954.2,54968.76,16182.09701101,81.53097463037703
157985605,55040,0.09804246,2021-04-19T15:03:56.093953Z,55024.21,55040,16221.21488962,68.71541049999013
157985977,54847.54,0.00921783,2021-04-19T15:04:25.826693Z,54850.74,54855.69,16342.4344895,104.74949573237947
157986578,54740,0.97686383,2021-04-19T15:04:56.164349Z,54723.21,54740,16342.4344895,130.5957420446635
157986975,54927.35,0.2519,2021-04-19T15:05:25.921079Z,54920.57,54927.35,16374.10778532,101.60825604349299
157987305,54912.97,0.00211953,2021-04-19T15:05:55.865496Z,54897.67,54912.97,16374.10778532,98.65262194286112
157987727,55085.55,0.02780392,2021-04-19T15:06:26.160306Z,55084.27,55099.32,16428.14646956,112.8371675300309
157988028,55105.72,0.0296,2021-04-19T15:06:57.856364Z,55105.72,55118.1,16463.36972314,133.0515228631165
157988343,55033.23,0.0038607,2021-04-19T15:07:27.799597Z,55017.07,55026.31,16463.36972314,79.51310674465999
157988700,54961.73,0.00459239,2021-04-19T15:07:57.720196Z,54962,54967.6,16483.89293856,73.034840454312
157988990,54907.01,0.00042538,2021-04-19T15:08:27.94691Z,54907,54907.01,16508.10902751,74.79672089194038
157989274,54922.48,0.00175824,2021-04-19T15:08:56.335142Z,54918.8,54922.26,16508.10902751,74.06320128235394
157989636,55003.53,0.02591695,2021-04-19T15:09:27.833328Z,55003.77,55032.58,16531.48571816,47.58067069927411
157989914,55123.78,0.0037086,2021-04-19T15:09:56.175904Z,55123.78,55138.45,16531.48571816,77.62417216428311
157990339,55124.48,0.00876335,2021-04-19T15:10:28.078687Z,55119.43,55124.48,16550.51557768,93.98342675273385
157990642,55175.66,0.00042396,2021-04-19T15:10:57.503482Z,55175.65,55175.66,16574.74276967,92.95676922193535
157990866,55191.15,0.00318547,2021-04-19T15:11:27.421713Z,55183.24,55191.15,16574.74276967,65.86468826445503
157991054,55111.71,0.00033384,2021-04-19T15:11:57.261195Z,55102.02,55115.29,16586.33714869,31.776744077567226
157991264,55111.01,0.00889348,2021-04-19T15:12:27.64549Z,55111,55111.01,16586.33714869,33.853557215918805
157991489,55200,0.00175168,2021-04-19T15:12:58.267442Z,55199.99,55200,16594.35484243,38.79581967389822
157991774,55188.74,0.00180564,2021-04-19T15:13:27.783337Z,55188.73,55188.74,16603.86107161,40.3159816471
157992235,55299.99,0.00081819,2021-04-19T15:13:57.757127Z,55299.99,55300,16603.86107161,69.67196193711378
157992505,55300,0.00614863,2021-04-19T15:14:28.102786Z,55299.99,55300,16636.96659798,72.18641739387223
157992783,55321.22,0.0001621,2021-04-19T15:14:57.871022Z,55321.21,55321.22,16636.96659798,55.86640421718453
157993086,55386.91,0.00089891,2021-04-19T15:15:27.778452Z,55386.9,55386.91,16662.55568962,63.84426721447976
157993362,55342.95,0.03540232,2021-04-19T15:15:57.781755Z,55342.94,55342.95,16672.29758746,32.50818395651059
157993662,55218,0.0001,2021-04-19T15:16:28.20809Z,55218,55228.59,16672.29758746,55.88905030640989
157993973,55223.06,0.00811643,2021-04-19T15:16:58.160509Z,55202.31,55220.09,16694.26153272,67.05184066194091
157994287,55403.56,0.00174371,2021-04-19T15:17:27.564946Z,55395.47,55405.01,16694.26153272,79.5701372636273
157994548,55482,0.0176859,2021-04-19T15:17:57.749048Z,55481.99,55482,16707.16267968,102.55373491078039
157994898,55409.9,0.0315,2021-04-19T15:18:27.690812Z,55409.29,55409.3,16723.7955767,107.12805899552846
157995150,55377.04,0.00041492,2021-04-19T15:18:57.798958Z,55356.7,55356.71,16723.7955767,85.42606871527168
157995397,55358.22,0.00174379,2021-04-19T15:19:27.9994Z,55357.29,55357.3,16747.54813083,42.234274992514116
157995641,55229.88,0.00452201,2021-04-19T15:19:57.919065Z,55229.87,55229.88,16747.54813083,82.3990801899341
157995883,55327.83,0.00042311,2021-04-19T15:20:28.064705Z,55322.36,55327.83,16756.50200508,61.42119490982329
157996081,55230.13,0.00135093,2021-04-19T15:20:57.659554Z,55230.12,55230.13,16766.23333984,62.914462885367826
157996336,55233.88,0.00174765,2021-04-19T15:21:27.60554Z,55233.87,55233.88,16766.23333984,55.59079470701344
157996670,55100.68,0.00042441,2021-04-19T15:21:57.640955Z,55094.31,55094.32,16773.48732326,72.3285628238396
157996902,55152.38,0.00355804,2021-04-19T15:22:27.924147Z,55152.37,55152.38,16773.48732326,77.62100875512822
157997235,55081.89,0.005,2021-04-19T15:22:57.85046Z,55077.84,55077.85,16791.81267756,63.3314359237831
157997582,54973.61,0.01688147,2021-04-19T15:23:28.150584Z,54973.61,54976.81,16820.25955572,85.56886662900666
157997857,55086.74,0.00016299,2021-04-19T15:23:59.750874Z,55079.12,55086.13,16820.25955572,58.3608440666794
157998079,55181.8,0.01300362,2021-04-19T15:24:27.668391Z,55181.8,55181.81,16842.26601954,71.83583078223582
